3698 5310
1226 455 700 129 Liber Decimus

1049 548 2516 133 1 La, Las ue Laconica urbs in peloponneso, Laa ab Ho

1240 646 2333 146 mero appellantur, in alto Saxo posita, quam cepere Dios

1244 743 2334 159 curi, Lapersae propterea dicti. Lampersae uocantur

1240 836 2311 164 a Didymo, et urbs ipsa Laumpersa. Ex Stephano, Eusta

1235 982 589 146 thio, Varino.

1049 1079 2524 155 2 Laccobriza Vaccaeorum urbs in Hispania, Coymbra est

1248 1199 1347 132 uel Lagos. Ex Beutero, Oliuario

1067 1283 2502 137 3 Lacedaemon in Peloponneso regia urbs inter duos montes

1248 1380 2317 151 Taygetum, a parthenium, aLacedaemone dicta, olim

1253 1495 2316 133 Sparta a Sparta eius uxore, el a Sparto Anyclan

1240 1588 2316 124 tis filio : Theramnae etiam aliquorum opinione : nunc

1253 1685 2312 146 Misistratus uile oppidulum. Propriè uero, ut ait Ælius

1240 1787 2333 137 Dionysius, Sparta ubs est, Lelengis etiam dicta : Lace

1248 1880 2321 133 daemon uero regio.Spartae ſubiacens, Laconica item

1253 1995 2320 120 appellata, nunc Zaconi a : quam tamen Cratinus,

1248 2062 2299 132 et aliqui alij Spartam uoceraunt, Homerus Argos

1235 2168 2347 137 Achaicum ab Achaeis phthiotis, qui Laconicam habita

1235 2278 2352 151 runt : in qua antiquis temporibus centum urbes fue

1253 2376 2316 168 re ἑκατόμπολισ propterea dicta : poſtea uero udeo

1248 2482 2330 124 depressa, ut tempore Strabonis triginta tantum op

1244 2584 2325 141 pida in ipsa essent. Ex Stabone, Stephano, Scholijs in

1235 2694 2130 115 Sophoclem, Eustathio, Varino, Munstero, Massario.

1027 2787 2538 151 4 Laciburgium Germaniae urbs, Rostokium est. Ex Roberto

1049 2893 2520 120 5 Lacinium Italiae promontorium inter Crotonem, et Pe

1213 2995 2352 133 tiliam, a Latinio Latrone, quem Hercules interfecti : uel

1222 3093 2351 137 a Latinio Heroe patre Laurae, nunc Caput Columna

1240 3194 1651 120 rum. Ex Stephano, Isaacio, Oliuario

1040 3270 2520 159 6 Lacippo Turdulorum opp. in Hispania, Lapetia est. Ex

1231 3385 474 119 Munſtero

1031 3451 2538 142 7 Laconimurgum Vettonum urbs in Hispania, Lamego u⟨o⟩

1235 3553 700 137 catur. Ex eodem.

1040 3619 2538 155 8 Ladon Boeotiae fluuius, Ismenus dicitur ab Ismenio Apol

1240 3734 1616 146 linis, Meliae q. filio. Ex Pausania

1014 3818 2546 151 9 Laea, quae et Veneris Insula appellatur in Cyrenaica,

1231 3924 2214 142 nunc Insula patriarchae uocantur. Ex Bordono

1014 4009 2533 154 10 Laletani Hispaniae populi, Gironi ſunt, qui Gironam

1226 4101 2347 155 urbem incolunt a Gerione Hispaniarum Rege condí

1226 4186 2334 190 ta, quae et Geronda, et Gerona dicitur, olim urero Ge

1231 4287 1536 155 runda. Ex Beutero, Munstero.

1036 4367 2537 181 11 Laliſanda lsaurica urbs postea Daliſanda. Ex Stphano

3458 4486 93 124 La
