3681 5350
870 646 1409 183 Liber Decinus octatus, et ultimus

2570 619 182 147 137

660 726 2534 192 1 Vacalos, et Vahalis Rheni fluuij ostium, nunc dicitur Vual, uel

727 927 2530 134 2 Vacorium urbs in Norico, Villacum esse creditur a Munſtero, a

883 869 1138 116 Vadis. Ex Glareano, Lazio

883 1016 2418 178 Lazio Altenhofen in Carinthia : et dicit Villacum appella¬

691 1154 2182 183 3 Vacus Lusitaniæ fluius, Vacua dicitur a Strabone.

883 1154 763 121 tum fuisse Iuolum.

682 1239 2610 214 4 Vada Battauorum opp. in Gemania, Vuagening est. Ex Ge¬

704 1399 2597 174 5 Vada Sabbatia in Liguria, portus Vado dicitur Ex Iustiniano

892 1377 870 116 rardo Nouiomago.

691 1506 2592 165 6 Vada Volaterrana in Æthrurria, est ostium Cecinnæ fluuij

883 1600 674 147 Ex Volaterrano.

709 1627 2583 183 7 Vadimonis lacus in Æthruria prope Rosulum montem : nunc

892 1716 2342 187 dicitur Lacus Bassanelli, uel Montis Rosæ, uel Bacani in

892 1814 2307 183 agro Viterbiensium, unde etiam appellatur Lacus Viterbi. Ex

901 1912 1419 165 Delaratione Vrbium Italiæ, Leandro

722 1975 2575 182 8 Vagæ Mauritaniæ Cæsariensis urbs, à plinio Tigana nuncupatur

727 2082 1767 160 9 Valco Pannoniæ opp. Valcoutur est. Ex Lazio

713 2135 2285 196 10 Valena pannoniæ urbs, Gram est, uel Valbachum. Ex eodem.

722 2229 2557 160 11 Valentia Allobrogum Ciuitas ad Rhodanum, Valence dicitur. Ex Rob.

736 2327 1941 138 12 Vallis Bruna in Rhætia, Brigelia est. Ex Ægidio

727 2385 2597 187 13 Vallis poenina in Germaniæ, Valesià nuncupiatur, Heluetijs foederas

713 2518 2597 170 14 Valmorum Epiri urbs a Gallogræcis condita, a Maumethe Tur

919 2483 879 129 ta. Ex Beato Rhenano

878 2621 2160 143 carum Rege instaurata, Ciuitas uocatur. Ex Barletio

722 2719 2352 134 15 Valsisium Italiæ opp. Valeſium est in Lombardia. Ex Merula

722 2786 2579 120 16 Vangiones Belgæ, Vormacienses esse creduntur : uel Vayhin¬

910 2875 2400 152 gen, cum Vormatia fuisse uideatur Borbetomagus. Ex Mar

901 2982 1008 138 liano, Altamero, Lazio

704 3000 2570 196 17 Vannia Bæchunorum opp. in Italia, Louinum est. Ex Munst.

713 3094 2530 173 18 Vara æstus in Britannia, nunc appellatur Dumbor. Ex eodem

749 3210 2075 160 19 Varanum Italiæ opp. Maranum est. Ex Sabellico

713 3267 2575 197 20 Vardei in Ilyrico populi, Ardiæi, et Varalij postea dicti. Ex

910 3406 883 142 Strabone, Ptolomæo.

704 3415 2628 218 21 Variana Castra apud Antoninum a T. Vario pannoniæ

914 3539 2343 201 præſide dicta, Varasdinum est in Styriæ, Vngariæ, et

910 3651 1249 156 Sclauoniæ finibus: Ex Lazio

700 3651 2574 232 22 Varrianus Italiæ ſluuius in Venetia, Calorus nunc appellatur

923 3807 1267 129 uel Varnius. Ex Sabellico, Blondo

887 3838 2209 192 Varrianus in Moesia fluuius, Brannicerus est. Ex Lazio

709 3950 2316 138 23 Varronianum pannoniæ opp. Baroniuuar dicitur. Ex Eodem.

704 4003 2579 183 24 Vaſarij Galliæ populi, Vassatenses ſunt. Vel Vassatenses fuero

892 4132 1254 130 Vocatij. Ex Marliano, Munstero.

727 4137 2485 209 25 Vasbaria in Mauritania Cæsanensi urbs, oranum est, uel

936 4208 2356 223 Tezota : nam oranum uidetur fuisse Buiza, quam quizam

919 4324 1856 201 appellat plinius. Ex Munstero, Iouio, Castaldo

687 4409 2659 249 26 Vatrenus Italiæ fluuius ex Foro Corneliensi agro defluens in

3114 4529 134 138 Pa
