3666 5350
838 494 803 148 Liber Tertius .

2403 552 148 90 38

503 642 2699 142 1 Caballinum Heduorum Ciuitas in Gallia Cauillonum a Cæ

673 757 2538 152 ſare dicta, Catalaunum postea, nunc Challon, et Scial

704 896 2417 111 lon : in cuius campis Catalannicis, Manricijs q.  uo.

718 994 2426 142 catis Aëtius Attilam ſuperauit. Ex Michaele  [Ritio]

526 1177 2671 151 Riccio, Munstero, Ionio.

709 1119 1155 115 2 Cabelliorum Colonia in Rhætia, a Plinio Cabellio dicta

512 1382 2645 133 a Stephano Cabelliona, Cauailon est. Ex illis, Munstr.

726 1284 2373 138 3 Cabira Ponti urbs ſub Paryadris montis radicibus, Mi

726 1520 2382 111 thridatis Regia, a Pompeio Diopolis dicta fui, prius

695 1627 2520 129 Æa, Æaa, et Dioscurias : postea aucta a Pythodorie

718 1747 2354 170 ponti Regina filia Pythodori Tralliani, et uxore

718 1885 2377 152 primum Polemonis, postea Archelai, ab ex Sebaste

722 1970 2502 210 appellata fuit, hoc est Augusta ; quam Sebastopolim

713 2126 2471 178 dixere, cognomine Magnam, propter aliam Sebasto

740 2238 2453 187 polim, quæ est in Cappadocia. Hunc hæc Cabira

731 2345 2448 173 uocactur Sebastophori : quo usq. Andres Aposto

713 2465 2466 165 lus Chriſti dogma docuit. Ex Strabone, Sephano.

753 2594 946 130 Vadiano, Munſtero.

503 2643 2672 170 4 Cabubathra mons in Arabia felici post angustias maris ru

735 2759 2435 147 bri, Darzira est, cui adiacet urbs Aden. Ex Bauroso.

544 2853 2684 151 5 Cabyla Thraciæ urbs a Ruffo  Cauila dicitur, a Stra

762 2987 1539 138 bone Calyba, et populi Calybes.

535 3076 2685 142 6 Caci mons apud Carpentamos in Hiſpania cognomina

749 3192 2448 107 tus a Caco Vulcam filio, qui Hiſpania pulsus

753 3317 2489 120 a Palateo, habitauit in antro Auentini: mons ipse

753 3441 2493 107 adhuc dicitur Moncaius, quem Martialis Montem

771 3566 2038 134 canum appellauit. Ex Roderico, Marineo.

526 3673 2694 147 7 Cacra promontorium giciliæ pnope faebonum, potea

780 3785 2431 142 promontorium Vlyssis uocatum, quòd Hecate eo loco

798 3887 2413 134 horribili forma apparuerit Vlyssi, ipse q. ei lapi

798 4008 2087 129 dibus conſecratis ſacra fecerit. Ex Isaacio.

566 4106 2524 124 8 Cadarci Galliæ, populi Cahorsi ſunt. Ex Martiano.

526 4186 2783 178 9 Cælius mons Germania apud Antoninum, Chilermont

802 4302 1347 142 est in Suenia. Ex Lazio.

526 4387 2778 178 10 Caerbladud Britanniæ urbs a Bladude nescio quodam

807 4494 1967 182 condita, Bladum nunc dicitur. Ex Polydoro.

3117 4587 205 125 Cære
