3698 5413
993 658 2592 113 II Cære, et Cæes oppidum olim illustre in Italia ſic ab Æ

1273 762 2334 117 thruscis uoecatum, a Pelasgis autem, qui illud condiderat

1250 870 2339 149 Agylla, ubi Mezentius regnauit, et postea Romani ſa¬

1255 960 2361 122 cra Seruarunt, urbe a Galis capta, nunc est Cer

1259 1060 2362 153 uetere. Ex Strabone, Liuio, Plinio, Stephano, Blondo‹›

1006 1168 2610 117 12 Cæsarea uicus Italiæ inter Astam, et Ticinum ad Ta

1255 1272 2343 108 nari ripam, Roboretus etiam dictus, nunc urbs est Ale

1255 1357 2370 149 Xandria, condita in honerem Alexandr‹›i Tertij Pon

1241 1470 2371 149 tificis Maximi. Ex Blondo, Platina, Volaterrano, Meru

1210 1596 2420 113 Cæsarea urbs in Mauritania ab ea Cæsariensi nuncu

1255 1678 2357 153 pata, a D. Claudio coloniæ iure donata, antea 101 dia

1268 1781 2339 167 Iubæ regia, Algerium est. Alij tamen putant Alge

1255 1903 2352 167 rium fuisse Salden Coloniam : et Cæsaneam fuisse

1259 1998 2357 171 Bugiam : quam louius olim appellatam Vzicatharu

1232 2124 1436 140 Scribit. Ex eo, Plinio, Olinario.

1201 2250 2424 140 Cæsarea in ponto, coloneia etiam dicta, nunc  Tax‹›

1237 2341 984 135 Ex Zonara, Niceta.

993 2404 2601 203 13 Cæſanea philippi phoeniciæ urbs, Lais dicta, Lesem, Dan

1223 2562 2407 167 a posteris Dan Iacobi filij, qui eam incoluerunt, Cui

1241 2652 2384 176 bellina, Paneas ( quomodo etiam apud Hieronymum le

1192 2765 2460 198 gendum in epistola ad Euagrium) Abila, Abile, Ne

1223 2886 2425 203 ronia q. nunc Belina, uel Bellena. Quo loco Ieroboam

1192 2999 2397 239 Rex Israël erexit uitulum ab Iudæis adorandum. Ex

1322 3089 168 109 [An]

1237 3135 2402 212 [Iosue ‹›, . Samuel, Iosue, Amos,] Iosue, Amos Samuel

1250 3238 1937 208 Ptolemæo, Brocardo, Volaterrano, Roberto.

1038 3360 2592 221 14 Cætobrix Turdetanorum urbs in Lusitania, ab alijs.

1223 3500 2375 189 Cezimbra, ab alijs Pitzea decitur. Ex Munſtero, Ca

1210 3586 329 135 Staldo

1006 3680 2642 235 15 Caieta Italiæ opp. a Lacedæmonijs conditum, ab Æneio

1237 3816 2388 212 nutrice appellatum, uel quòd ſinus curuuns ſit cen

1210 3924 2415 239 tum ſtadiorum longitudine a Taracina ad Caietern¬

1210 4077 2397 203 nam omnia curua Lacones uocant Caiattas : uulgo

1196 4140 2073 240 Gaieta. Ex Virgilio, Strabone, Volaterranno.

1029 4235 2601 275 16 Caipha Syriæ urbs prope Ptolemaidem, Porphyria etiam

1223 4402 2280 208 et  Porphyreon nuncupatur. Ex Stephano Sabellico.

1020 4474 2637 257 17 Calægia Germaniæ opp. Vuirtinberg est in Sueuia. Ex Munſt

1860 514 329 117 Liber

3458 4700 167 108 Ca
