3681 5350
2458 535 183 84 129

1164 445 759 147 Decimus Septimus

704 548 2392 187 num, a Scythis Silys, nunc Tana, et a Tartaris Don.

727 650 2079 179 Ex Strabone, plinio, Stephano, parrhasio, Matthia

687 713 2422 218 Tanais alter ex Caucaso ortus per Sogdianam pro¬

736 824 2280 179 uinciam decurrens, in Hyrcanum mare prorumpit, et

727 891 2409 214 a Sogdianis ipsis orxantes dicitur : quem tamen Dæ¬

731 976 2365 223 modamas Dux Iaxartem appellat, et alium a Tanas

745 1083 2391 209 docet esse, Sogdianos, et Sacas dirimentem. Ex Strabono

513 1172 2579 192 16 Tanis, et Thanis Ægypti urbs magna, et, ut eam uocat

740 1248 2432 223 Rabi Salomon, regia, in qua potissimum Seruiebant. Iu¬

754 1359 2404 192 dæi antè, quàm a Mose iè prouincia educerentur : a Mose

740 1462 2311 178 ieso, Dauide, a Iehezkele zaham, uel Zoan uocatur, a

754 1547 2431 205 plinio Tania, ab alijs Taphnis, et Taphium, nunc euor¬

745 1654 1521 178 sa iacet. Ex illis, Brocardo, Eugubino.

530 1680 2664 259 17 Taniticum ostium Nili a Tani urbe dictum, a quibusdam Saiti¬

776 1836 1102 143 cum uocatur. Ex Srabone.

539 1818 2566 228 18 Tannetum Heiorunopp. inter Bixillun, et uiam Æmiliam, est

780 1988 1183 152 uicus Cannetum. Ex Merula

517 1970 2637 263 19 Tantalis Mæoniæ urbs, Sipylum postea dicta, ſed terra

767 2095 1977 209 obruta ibi nunc est Stagnum Sale. Ex Plinio

535 2184 2070 223 20 Taphrura Aphricæ urbs, Fachs est. Ex Munstero

566 2224 2512 268 21 Taprobana Insula Magna in Indico mari VII, uel, ut

780 2304 2356 264 Eratosthenes ait VIII milium Stadiorum longitudine

794 2376 2342 290 D. M latitudine, XXXVI milium ambitu,: ubi oppuda fuere

785 2469 2387 286 quingenta, uici Septingenti, a Volaterrano nunc dici credi¬

807 2563 2267 276 tur ciela, ab Andrea Corsato Zeila, Sed incolæ

780 2652 2445 299 eam uocant Ceilan, Maximilianus uero Transyluatus

785 2764 2409 267 appellat Zamataram, Iosepus Indus, et alij pleriq. Samo¬

798 2853 2369 258 tram, uel Sumatram : olim certè dicebatur Simundæ, po

798 2960 2356 250 ſtea Salice, ut ait Artemidorus in Nono Geographiæ.

794 3040 2436 277 Iambolus eam nuncupat Insulam felicem, quoniam homi¬

803 3152 2445 240 nes in delitijs uiuunt, et producunt uitam ultra cente

812 3250 2360 245 ſimum annum, unde, auctore. Megasthene incolæ ipsi

798 3343 2445 245 dicuntur Palæogones. Ex Strabone, Pli, Ptolemæo, Stephano,

816 3486 1388 165 Lodouico Varthomano, Barroso

588 3522 2637 214 22 Tarbelli Aquitaniæ populi, Tarienses ſunt, aut Tarbæ. Ex Mar

834 3700 210 125 liano

602 3606 2637 317 23 Tarnus, uel, ut est  apud plinium, Tanus Hispaniæ fluuius, Tar

825 3727 2387 245 deria, aut Tordera est, qui aurum quoq. fert. Ex Hierony

834 3883 1245 169 mo Barchinonensi, Marineo

624 3874 2637 267 24 Tarracon Cosetanorum urbs in Hispania a Scipione condi¬

834 3958 2432 259 ta, uel ante a Tubale, et uocata quòd nomen illud Chal¬

820 4088 2459 241 dæorum lingua pastorum congregationem significat. Tar¬

834 4177 2418 227 racona est , quæ Tarraconensi Hispaniæ nomen dedit, quæ

847 4266 2427 214 a Stephano Tarrhaconesia dicitur. Ex Plinio, Beutero, Oliuario

615 4373 1847 210 25 Tarsatica Illyrici urbs, Arsa est. Ex Munſtero

3042 4387 224 164 Tar
