3666 5350
593 686 2591 210 1 Dabir, uel Debir palaeſtina ciuitas, Kiriathsepher, et  Ca¬

740 802 2435 196 riathesenna, uel ut apud Iosue legitur, Kiriatſanna etiam

749 918 1396 129 dicitur. Ex Hieronymo, Brocardo

704 998 2520 165 Dabir altra Ciuitas Palaestinae, Daenna quoq. fuit appel

548 1168 2631 196 2 Dacia prouincia Europae inter Tyram, Tibiscum, et Da

753 1087 799 125 Iata. Ex Hieronymo

758 1279 2381 178 nubium, Barbararum gentium patria a Romanis tri

740 1386 2413 169 fariam diuisa fuit, in Ripensem, mediterraneam, et al

744 1511 2413 134 pestrem. Dacia Ripensis nunc dicitur Vngaria Tibi

731 1609 2319 165 ſcina. Dacia mediterranea, Gothinensis regò etiam

731 1729 2413 165 quamdoq. appellata, est Transyluania a quinq. diuer

744 1859 2511 151 ſarum nationum, linguarumq. populis culta. Dacia

735 1975 2493 147 autem alpestris, quam et Scythicam dicunt, tenent

722 2090 2435 134 Moldaui ad meridiem ueterum Dacorum reliquiae : ad

731 2202 2506 147 Septentrionem  tenent Valachi Romanorum prouincia

740 2318 2448 160 Iium genus :  inde etiam nomen habuere : nam Valach

735 2429 2462 174 uel Vuodach eorm lingua Italum ſignificat, et ab

740 2554 2390 161 ipsis regiones dicuntur Valachia, et Moldauia,

726 2683 2400 161 quam Vngari Transalpinam uocant. Populi Getae,

749 2826 2395 116 et Daci uocabantur. Getae propriè quidem qui ori

744 2933 2444 165 entales partes, Pontum uersus incolant, quos Arrhia

749 3045 2448 182 nus Getenos nuncupat, Graeci iuniores Patzinaci¬

749 3169 2435 170 tas, alij Poloucos, hoc est lingua Rutenorum uena

744 3308 2453 138 ticos, et rapaces. Daci autem, Daui, Daiui, uerſus

731 3397 2515 178 Germaniam ſunt. Quos Cotisono Duce in Pannoniam

744 3526 2426 161 irruentes Angusti tempore uicit Cornelius. Lentu¬

740 3642 2399 138 Ius : postea Domitianus, tertio Traianus Dacia pro

731 3758 2448 143 uincia facta. Ex Strabone, Tacito Ptolemaeo, ⟦Eutro

740 3860 2453 165 pio⟧, Stephano, Eutropio, Bonfimo, Volaterrano, Crant

744 3967 1343 148 zio, Varino, Mathia, Lazio

535 4057 2662 160 3 Daedalelam  Italiae urbem a Daedalo conditam, Iuliam dici Scri

753 4173 678 115 bit Stephanus.

544 4248 2136 143 4 Damasia opp. Rhaetiae, Diessa est. Ex Lazio

575 4351 2640 183 5 Damnonium Britanniae promontorium, Deuonia est : a

776 4462 2497 165 quo Damnonij, populi, qui in Comitatu Deuoniae ſcit.

789 4551 816 152 Ex ⟦Lazio⟧ Polydoro

798 561 789 170 Liber quartus

2426 561 133 98 55

3148 4636 147 94 ut
