3595 5350
584 722 2756 209 I Abantis, uel Abantias Græciæ Insula olim à Boeotia

905 864 2400 201 terræmotu auulsa, medio interfluente euripo ſepties

900 958 2521 272 in die æſtuante : dicta ab Abante Argei, uel Neptuni

892 1087 2515 335 filio ex Aret[h]dusa : Antea uerò uocata Chalcodontis

887 1217 2516 276 à Chalcodonte Abantis ipſius filio, uel, ( ut Callide¬

883 1359 2471 268 mus ait), Chalcis ab ære primum ibi reperto.

869 1475 2458 272 à Dionyſio, et Ephoro Macris appellatæ, ab Ari¬

878 1613 2498 263 ſtide Macra a Macride Nympha nutrice Iunonis :

874 1734 2515 285 Maces etiam propter angustam eius formam : Oche

869 1894 2471 237 à monte maiore alijs in ipsa Insula : à monte

900 2019 2463 281 item Diacria : Hellopis, Hellopia q. ab Hellope Ionis

905 2148 2453 286 filio : à Poëtis uulgo Asopis ab Asopo, et Eubora

883 2300 2462 254 ab eius filia, uel ab Io, quæ in bouem conuersa

883 2456 2502 281 peperit Epaphum in huius Insulæ antro, Bouis au¬

892 2594 2520 290 la uocato. Tandem Negroponte  appellata fuit

892 2746 2497 272 fortasse à sinu Ægæi parte Thraciam uersus ;

860 2924 2454 201 quem ſinum Apollonius Melan uocauit à Mela

892 3027 2479 254 phryxi filio. Hanc Insulam habitarunt primum

878 3178 2471 246 Thraces ex Aba phocidis, à qua ipsos Abantas

860 3317 2525 254 [uocauit] nuncupauit. Homerus, (ut ait Aristoteles) poſtea etiam

869 3437 2516 290 in ea habitarunt Athenienses, et Æolenses qui

874 3571 2497 281 dam ex Penthali exercitu : Arabes quoque, qui

874 3713 2408 263 cum Cadmo in Græciam uenere, hinc Veneti,

874 3856 2359 236 nunc Turcæ, qui eam ceperunt anno 1470.

869 3963 2520 267 Longitudo fuit 150 M. P. nunc 110 M. Latitudo

896 4132 2373 174 ubi maior 40 M. P., ubi minor 20 : ambitus

874 4266 2426 196 365 M. Ex Strabone, Plinio, Homeri Interprete

874 4395 2377 201 Stephano, Eustathio, Varino Camerte, Benedicto

905 4525 419 120 Bordono.

1186 579 687 152 Liber primus

2466 276 517 152 Bongars
