3698 5310
1864 389 337 137 Liber

1257 491 2356 217 eo loco construxere Heraclidae, ut ait Ephorus, Lepantho

1505 628 1094 168 est. Ex Strabone, Volaterrano

1014 632 2599 257 16 Nauplia peloponnesi opp. in Argolico ſin, Neapolis Roma

1226 792 1457 172 niae uulgo uocantur. Ex Munstero

1018 823 2573 243 17 Neandreia,  urbs Troadis in Hellesponto, e Theopompo

1257 977 1298 177 dicitur Nendrion. Ex Stephano

1018 991 2600 261 18 Neapolis Libyphoenicum uicus, uel urbs ut ait Lycus Rhegi¬

1253 1106 2356 199 nus, Abrotonum etiam dicta, nunc Nabel, duodecimo la¬

1262 1208 1833 208 pide a Tuneto. Ex Sephano, Leone Apho

1191 1287 2378 213 Neapolis Colchorum urbs, Negapontinum est. Ex Munstero

1009 1380 2609 226 19 Nebrissa, Nabrissa a Strabone dicta, Turdetanorum urbs

1288 1464 2343 213 in Baetica, a nebride hinnulorum pelle uocata, qua Bac

1257 1575 2343 168 chae induebantur, Veneria etiam nuncupata : quod ta

1253 1672 2365 182 men fuisse Nebrissae cognomen testatus plinius Ex eis

3197 1774 239 84 Marso

996 1809 2560 230 20 Nectum Siciliae opp. Notum dicitur. Ex petro ⟦Martyre⟧

1262 1814 451 128 dem, Iouio

1009 1911 2604 208 21 Nelcinde regio apud Arrhianum in India, Daulcinde est. Ex

1248 2097 488 124 Rhamnusio

1058 2053 2542 230 22 Nemausus Volcarum Aricomiorum metropolis in Gallia

1248 2163 2374 208 Narbonensi, postea Romanorum Colonia, Nimes nunc

1275 2252 2347 217 appellatur parthenius tamem Nemausum collocat in

1284 2354 2320 230 Italia, a Nemauso Heraclida uocatum. Ex Strabone,

1279 2531 886 141 Stephano, Oliuario.

1045 2544 2582 226 23 Nemea regio Arcadiae cum Sylua, inter oppida Clitorium

1266 2637 2361 217 Phliuntem et Cleonas ( Sic enim apud plinium legendum

1257 2756 2343 164 est, cum Cleone Insula ſit prope Corsicam) Bembina⟨⟩

1262 2849 2329 177 etiam uocata fuit, in qua febant Nemea ludi. Ex pli

1266 3004 983 106 nio, Eustathio, Varino.

1111 3004 2520 204 24 Nemetes Gallia Belgicae populi spirenses sunt, a Spira u

1262 3128 2347 159 be, quae Aod pirumidicta fuit, Romanorum statio. Ex

1071 3274 2573 181 25 Nemetobriga Teburorum opp. in Hispania, Val de nebr⟨o⟩

1275 3239 1081 115 Beato Rhenano, Munstero

1262 3411 1089 106 uulgo dicitur. Ex Munstero

1040 3469 2542 159 26 Neomagus, uel Noeomagus Britanniae ciuitas ſub Regnis,

1262 3588 2365 146 Chichestre est, uel Cissancetre, et Caerrei in Bolcynga

1288 3717 563 75 nia. Ex Iouio

1217 3730 2365 168 Neomagus in Gallia Lugdunensi ſub Vandicaſijs, uulgo

1288 3845 1289 128 dicitur Nemours. Ex Munstero

1200 3907 2427 155 Neomagus Lexubiorum opp. in Gallia, uulgo est Ciuitas

1288 4013 1196 115 Sancti Saluatoris. Ex eodem

1213 4093 2383 137 Neomagus in Narbonensi prouincia ſub Tricasterris

1279 4194 1333 115 Nion dicitur. Ex Villanouano

1040 4292 2494 115 27 Nepeta Tuscorum opp. in Italia est Nepo. Ex Munstero

1058 4389 2542 106 28 Neptalim Palaestinae ciuitas, Ionapa etiam dicta, nunc

1288 4447 2343 146 Siziz. Hinc uocantur Neptalitae populi. Ex losepo, Brocardo

3498 4584 124 115 Nep
