3840 5310
1169 544 1258 168 Liber Decimus Septimus.

947 606 2591 194 1 Tabenda persidis urbs, Toccata est, prope qua Vssuncassan

1191 738 1971 151 persarum Rex a Turcis uicum fuit. Ex Iouio

930 814 2635 159 2 Tabor Iudaeae mons prope Nazareth triginta ſtudiorum altitu

1195 898 2370 172 dine, mira rotunditate, Taborim ab alijs dictus, Taburius

1173 1097 2405 150 Tabor mons in campania : Taburnus quoq. appellaur. Ex Blond⟨o⟩

1178 986 2413 186 ab Iosepo, ub Hieronymo uero Ithabirius. Ex illis, Egesippo,Varino

952 1177 2617 163 3 Tabuda Galliae Belgicae fluuius, Scaldis a Plinio dictus As

1182 1296 1918 124 caldes a Caeſare,nunc Scalda. Ex Munſtero

956 1371 2622 168 4 Taenaria promontrium in ſinu Messeniaco, a Massario qua

1195 1473 2210 173 learum portus uocatur, ab Iouio Caput Matapanis

983 1562 2600 163 5 Taenarium opp. in ſinu Laconico, quod Taenarus, et Taenartum

1195 1654 2374 173 ab alijs dicitur a Taenaro Iouis filio Gercesti fratre : uel filio

1195 1752 2379 172 Elati Icari nepote : Coenopolis a Pausania dicitur, a pro

1213 1862 2024 142 copio Cereapolis. Ex illis, Stephano, Varino.

1005 1907 2578 225 6 Taeniolonga Aphicae urbs in Tingitana, Alcudia est. Ex Munst⟨ero⟩

1009 2048 2525 173 7 Tagus Hispaniae fluuius aurifor, ex Celtiberis ortus per Ve

1217 2141 2366 177 tiones, Carpentanos, et Lusitanos in mare fertur, Tagius

1217 2239 2370 181 nunc dicitur, et uulgo Taio. Ex Strabone, Beutero, oluario

1178 2336 2405 181 Tagus opp. Hispaniae à Tago Brigonis Hispaniarum anti

1222 2420 2352 204 quissimi Regis filio, Casa Caesaris, Cereris ut in Lusi

1204 2557 1156 133 tania est. Ex L. Marineo

1018 2628 2569 208 8 Taizalum promontorium Britanniae, Buthania est in Scolia Ex

1231 2770 305 132 Iouio

1009 2818 2578 217 9 Talantia Euboeae urbs, Histiaea postea dicta ab Histiaea Hy⟨⟩

1231 2933 2369 173 ei Herois antiqui filia, uel ab Histiaeo populo Attico : He

1253 3031 2347 172 ſtiaea etiam, et postea Oreos. Quam uis aliqui dicunt pr⟨in⟩

1235 3119 2348 195 cipio ſeparatim habitasse Oreitas ab Hestiaeensibus : p⟨o⟩

1235 3221 2387 195 stea uero in unam urbem redactus fuusse utus q. nom⟨i⟩

1244 3309 2383 200 nibus appellatam. Ex Strabone, Homeri Scholijs, Eustathio

1036 3424 2604 177 10 Tamare Damnoniorum urbs in Britannia, Tanerstolk est

1262 3562 1032 141 in Cornubia. Ex Iouio

1040 3606 2600 208 11 Tamarus Britanniae fluuius, Tone, aut Toue uoca

1244 3725 2392 173 tur. Alij uero putant hunc Tonem olim Tobium di

1275 3840 1236 164 cum fuisse. Ex Munst. Iouio

1036 3907 2617 203 12 Tamesis Britanniae, Iamissa à Ptolemaeo dictus, nunc Te

1271 4062 792 132 mis. Ex Munstero.

1040 4088 2494 199 13 Tamisia Galliae Belgicae opp. Tempseca est. Ex Meyero

1054 4172 2440 217 14 Tamunda Aphricae fluuius, nunc Bedie. Ex Munſtero

1085 4274 2573 212 15 Tanais fluuius Asiam ab Europa ſeparuns : Iaxartes

1280 4363 2365 221 quoq. dicus, Amesines, uel Acesines ut est apud Steph

3498 4451 151 128 num
