3681 5350
1240 503 705 165 Quartus decimus

2378 535 165 129 113

664 628 2428 143 dem fluuius ab alijs parniſus, ab alijs Amathus dicitur,

664 713 2454 138 postea Mamaus, et Arcadacus : et qui pylus olim uo¬

669 824 2445 98 cabatur Coryphaesium, coryphasium, et Sphactera pro

655 882 2477 156 pe quom fuit locis Gerenius, a quo Nestorem Gerenium q

655 976 2423 143 cognominantum uolunt. Secundus uero pylus et ipse E

673 1056 2454 161 liacus fuit inter Menei, et Selleentis ostia. Tertius

642 1168 2458 173 fuit pylus Messeniacus ſub Ægateo monte, qui a qui

655 1266 2445 160 buedum patria Nestoris esse Creditir, et male, quoniam

633 1350 2454 152 si mare est, fuit enim Meseniorum nauale, et a qui

669 1440 2333 173 Luedam. Baetylus dicitur. Ex Strabone, Stephano,

316 1555 2744 241 172 Pyrasus Thesaliae urbs in parte, quae Thessaliotis dicitur,

673 1538 1053 160 Eustathio, Varino, Iouio.

642 1671 2467 174 Demetrium etiam dicta a Cereris templo, quod habebat

673 1801 634 178 Ex Strabone

365 1778 2735 263 173 Pyrenaei montes Hispaniam a Gallia diuidontes a mediterra¬

669 1899 2391 200 neo ad Oceanum usq. trium Studiorum milium Spatio

691 1970 2401 236 porrecti, à crebris fulminum ictibus dicti, uel à Sylua¬

682 2073 2374 214 rum incendio, uel à Pyrene Bebrycis filia ab Herculo

709 2131 2369 214 compressa, communi nomine appellantur Roncisual,

696 2224 2320 241 diuersis uero nominibus pro locorum uarietate : nam

682 2309 2418 254 pnope Oceanum dicitur Mons Sanctus Andreas, inde

687 2416 2427 227 Montes Laquarum, Lempurdae, postremo Cacus Cru

709 2523 2383 218 cis, qued olim dicebatur Templum Veneris, Aphrodi¬

704 2603 2410 236 ſium q. et promontorium Massalioticum in Tarraco

691 2692 2387 214 nensi Hispania. Alij tamen exiſtimant Templum Ve

704 2773 2338 236 neris esse coliuro. Ex Diodoro Siulo, Strabone,

696 2911 1512 200 Silio, Marineo, Oliuario, Munstero

419 2915 2668 272 174 Pyrenaeus mons : Rhaetiae finibus, prenner est, uel Brena¬

704 3004 2414 277 ntur, quoniam Casstodorus, et Aribo Episcopus Fruxi

709 3116 2369 258 nensis hunc montem appellant Breonum. Ex Dconysio,

722 3245 2120 205 plinio Cecilio, Beato Rhenano, Auentino, Lazio

446 3281 2583 276 175 Pyrgaeum Italiae promontorium, Linarium est. Ex Iouio

464 3401 2623 308 176 Quintanorum colonia, quintiana ue in Rhaetia, Kynczin

740 3571 790 205 ga est. Ex Lazio
