3532 5270
1032 715 2376 141 fuiſse Getas : quoniam Getæ fuere in Dacia , quo po

1019 825 2359 127 ſtea etiam Gotthi ipsi acceſsere. Ex illis, Sabellico,

1001 939 1643 123 Munſtero, Ioanne, et Olao Gotthis.

759 1058 2649 132 10 Abudiacum Vindeliciæ oppidum, Burelzhan̆sen dicitur, nunc esse

1001 1163 2421 132 a Paulo Aldi F. Manutio homine doctiſsimo : a Vuolfgan¬

975 1277 2385 132 go uero Lazio Viennensi eruditiſsimo Abach.

738 1378 2657 167 11 Abula Bastitanorum urbs in Hispania, Auila est. Ex Mun

764 1493 2636 140 12 Abus Britanniæ fluuius maximus, nunc Humber, ⸤ſtero

988 1598 1542 132 uel Humbrus. Ex Iouio, Castaldo.

759 1703 2487 145 13 Abusina Rhœthiæ opp. Abensperg dicitur. Ex Aventino.

759 1791 2658 172 14 Acanthus urbs Cariæ, alio nomine Dulopolis uocatur. Ex pli.

764 1923 2649 132 15. Acarnania provincia Ætoliæ contermina ab Acheloo ad

975 2015 2407 158 ſinum Ambracium, ad Amphilochum, et Actij Apollinis temp

988 2116 2399 180 plum* : Cures etiam, et Curetis dicta, quòd  eam Cure

988 2248 2390 176 tes tenebant, qui ex Ætolia transmigrarum[] in

975 2353 2442 185 occipite capillati, in ſincipite detonsi, inde ἀπὸ Τ῀Ης ΚΥ

957 2454 2451 207 ρᾶσ Curetes appellati, uel a Curete plenronis filio.

975 2560 2451 211 Ephyri etiam nuncupati, []∧ prouinvia ∧ uocatur Du‹›

2802 2608 194 79 uero

984 2709 2381 202 catus*. Ex Strabone, pli. Interprete Homeri, Isaacio, Eu

2789 2722 303 167 Stephano

970 2801 1296 163 ſtathio, Varino, Ænea Syluio.

733 2907 2531 153 16 Acazib palæstinæ urbs, Achzib etiam dicta. Ex Roberto

729 3012 2640 145 17 Acci Hispaniæ urbs, Gudais est : ab alijs corruptè di

962 3104 2425 189 Citur Gaudix, et Enadix. Ex Beutero, Marineo, Munſt.

729 3170 2653 237 18 Ace urbs phœniciæ, uel Syriæ ab Hercule eo loco hy¬

931 3284 2482 211 dræ morsu herb Sanato, ut ait Claudius Iulius : uel

944 3399 2438 215 ab Iaseo, qui ſerpens factus Herculem ipsum mo¬

953 3517 2407 220 mordit : Coth etiam uocata, Acron, Acri, Acra, et

948 3671 2417 189 Ptolemais, celebris ob arenas, quæ tot annis uitra¬

935 3811 2416 194 rijs officinis operam præbent. Populi Coelosyritæ

935 3934 2465 189 uocantur. Ex Strabone, Plinio, Stephano, Heronymo‹,›

948 4022 2302 233 Volaterrano, Benedicto Accolto, Nicolas Leoniceno.

698 4114 2706 251 19 Acelaida, uel Aceladium Ægæi Insula 10 M. P. a

926 4207 2390 250 Delo distans, Antimillum est. Ex Plinio, Bordono.

685 4321 2671 255 20 Acelum Venetiæ opp. uel Acedum ab Hermolao credi¬

904 4439 2456 246 tur esse Asola, ab Iustiniamo, et Sabellico Monsſilex

1682 548 286 119 Liber

210 2108 765 101 *ab Acarnane filio

232 2165 501 114 Alcmæonis,

202 2683 716 118 * Hanc, et Leucadem

219 2744 751 119 Homerus Antiperam

228 2810 479 110 nuncupauit

3105 4668 238 136 Aceſi
