3698 5413
1864 478 339 176 Liber

1214 604 2321 171 benna, et Iura, agrorum cultu, uirorum, morum q. d‹i›

1228 717 2343 176 gnatione, amplitudine opum nulli prouinciarum poſtea

1219 798 2302 212 ferenda, longitudine 370 M. p. Iatitudine 240 M. qu‹›

1214 893 2307 207 Bebrycas inuoluisse Scribit Dion Cocceianus : unde mare

1237 987 2298 230 Bebrytium, quod Harbonense nunc dicitur. Huius præ

1214 1100 2348 239 fuit prouincia Arelatensis ab Arelate urbe nun cu

1232 1208 2357 208 pata. Gallia uero Celtica a Sequana ad Garumnis

1228 1299 2357 239 dicta a celtis fuit ex nomine Celti polyphemi, uel

1219 1420 2366 244 Herculis filij [nuncupati], quos populos Romani Gallos

1223 1556 2353 203 Græci Galatas uocant. Nam Celtæ proprie primum

1219 1646 2370 212 fuere, qui mediterranea Narbonensis Galliæ incolebant

1232 1813 2348 167 ultra Massiliam inter Alpes, a Pyrenæum : nomen po

1228 1899 2343 189 ſtea translatum ad reliquos Gallos a Massiliensibus :

1232 2011 2348 154 Galatæ autem dicebantur, qui post Celtas hos habi

1232 2111 2357 189 tabant Oceanum uersus, et Hercyniam. Hæc Galli

1228 2210 2361 167 Celtica, Gallia etiam, interior uocata fuit, ex Gallia

1255 2309 2334 194 Lugdunensis, postea Francia Romana a Francis

1241 2440 2348 180 Scythis, [uel Troianis], qui illam occupauit : Romana

1255 2589 2334 149 cognominata propter Franciam Theutonicam, qu‹æ›

1246 2656 2339 194 est [in Germania] franconi in Germania : Gallia

1241 2783 2326 167 autem hæc Celtica nunc Simpliciter dicitur

1246 2900 2343 176 Francia, et ab Iudæis olim Zarphath. Aquitani

1259 3062 2326 104 uero inter Garumnam, et Pyrenæos, Aremorica quo

1250 3157 2330 140 que uocata, nunc dicitur Guiema, et Guascogna

1268 3274 2290 127 a Vasconibus Hispanis, qui eam possederunt. Sed

1250 3383 2348 171 Belgica Gallia, Belbice a Stephano dicta, est in

1268 3527 2330 135 ter Oceanum, Rhenum, Matronam, et Sequanam

1264 3653 2316 140 nti nationes quindecim fuere, nunc uero prouot

1268 3771 2317 148 Brabantia, Elandria, Hollandia, Cheldria, Prisiæ f

1291 3874 2285 172 picardia, Hannonia, Iuliacum, Sylun, Arduenna

1277 3992 2308 176 Campaniæ, et Burgundiæ pars, quæ maiori ex

1286 4109 2308 167 parte Hispaniarum Regi parent. Ex Strabone, Me

1291 4217 2294 158 Ia, Plinio, Ptolemæo, Appiano Alexandrino, Artemido

1277 4334 2290 127 ro, Stephano, Isaacio, Paulo Diacono, Zonara,

1268 4402 2317 190 Annio, Sabelhico, Volaterrano, Paulo Æamylio, Vari

3517 4528 81 136 no
