3595 5350
847 713 2404 218 Oenotri Aborigines fuiſse in Italia : quod fortaſse

892 833 2448 228 etiam ſignificauit Plinius, ubi antiquos Italiae in

883 940 2453 241 colas commemorans, Aborigines ante Pelasgos, et

847 1070 2212 214 Arcadas connumerat. Ex Salluſtio, Dionysio.

606 1168 2761 272 9 Abroditae dicuntur a Cuſpiniano Noruegi. Noruegiam

865 1324 2444 187 uero, et Suetiam esse putat Volaterranus Insulas

883 1404 2488 250 Electridas, quas alij Gleſsarias uocant in oceano

874 1529 2426 236 Germanico. Sed uerè Gleſsaria Insula ea eſt

856 1640 2498 263 quae Sudana dicitur prope Prutenos, ubi electrum

874 1743 2475 267 nafcitur, quod Germani glefsum dicunt : et à Barba¬

856 1876 2489 241 ris ipsis haec Insula Austerania, uel Austrania uo¬

883 1992 2466 237 cabatur : nomen enim utrunque apud Plinium le¬

865 2113 2386 227 gitur. Albertus autem Crantius, Suetiam, et

820 2229 2538 232 Noruegiam putat esse in Insula, quae a Metrodoro,

811 2362 2520 232 et Pythia dicitur Basilia, a Xenophonte Lamp¬

834 2478 2529 277 ſaceno Balthia, a qua mare Baltheum, quod Sar

842 2621 2480 263 maticum dicitur, Sueticum, et Finnonicum. Norue¬

820 2741 2547 286 giae certè, et Suetiae apud ueteres nulla erat pe¬

807 2893 2573 276 nitus cognitio: temporibus Melae, Plinij, et Ptolemaei

785 3022 2497 245 aliqua, et incerta. Nam Mela Codoniam, Plinius

802 3169 2561 259 Scandiam, Scandinauiam uè commemorat Insulam

851 3294 2503 268 creditam, quae Scanzia ab Iornande dicitur, et est

834 3410 2520 285 Schondia, cuius partes ſunt Noruegia, Gothia, et

820 3548 2534 268 Suetia, quam Hilleuones habitant, uel Sueuiones,

825 3687 2524 272 ut apud Plinium legendum uidetur, gens olim quin gen

834 3852 2511 240 tos pagos incolens. Ptolemaeus uero nominat Cha¬

825 3936 2426 259 deinos, phauonas, phiraesos, et Gutas : ut Chadeini

829 4079 2404 232 quidem ſint Noruegi : phauonae autem et phiraesi

838 4217 2391 219 Sueti : Gutae demum, uel Guttae Gotthi a Guttho

816 4324 2538 259 Rege uocati, gens barbara, quae ex Scandia ueniens

829 4453 2516 241 Europam deuastauit. Falluntur enim qui credunt Gotthus

1552 601 374 130 Primus

2649 592 103 90 2

3108 4658 263 272 fuiſse
