3666 5350
1355 584 388 151 Quintus

2435 548 182 120 59

521 664 2248 183 15 Echthodurum Rhaetiae opp. Ebingen est. Ex Lazio.

548 766 2663 183 16 Edessa Meſopotamiae urbs, Arsace, et Arsacia dicta ab Ar

731 864 2493 232 ſace Rege Persarum, ab ludaeis Rhages, ab alijs Rhaga* nunc

726 998 2480 196 Rasae, Rhoam, Rhoaim, aut Orpha, aut Erech, aut Arach

731 1127 2462 219 quo a patre miſus fuit Thobias: ciuitas Regis Abagas,

740 1252 2408 174 qui per Ananiam cursorem literas ⟦M⟧ misit Chriſto Sto

740 1391 2390 129 uatori, et patria Maurelij nostri Sanctissimi Pontificis :

740 1471 2341 174 In qua erat fons oris lepram ſanans. Haec urbs,

731 1600 2422 143 cum locis circa ipsam Osroine uocatur ab Osroë

762 1712 2435 120 qui ibi olim regnauit. Ex Srabone, Eusebio, Stepha

749 1819 2430 138 no, Haytone, Otthono Frisigensi, Zonara, Brocardo, Petro

744 1868 286 227 Apiano

758 1930 1066 143 Appiano, Munſtero, Iouio.

557 1966 2654 138 17 Edom Pataeſtinae uicus dictus ab Esau, qui ob ruborem cor

762 2059 2462 161 poris Edom, hoc est Sanguinens Iudaica lingua cogno¬

740 2153 2466 134 minatus fuit : Amalechitis etiam nuncupatus ab Amalech

762 2273 2400 107 et Idumaea , a quo regio ldumaea appellata, quae an

753 2358 2462 120 tea Seyr dicebantur, nunc Gebalena : et incolae Horrae ;

744 2456 2444 174 Idunaei, et Edumaei. Ptolemaeus tamen in primo

753 2568 2440 133 Ide Herode Iumaeos aillari dicit qui principo non

753 2706 2422 120 fuere ludaei, ſed Phoenices, et Syri Iudaeorum mores

762 2777 2400 138 et ſacra ſectantes. Ex losepo, Ammonio Stephano, Bro

744 2933 741 94 cardo, Munstero

544 2978 2626 174 18 Ego Germaniae regio, Egen est in agro Treuerensi Ex La

535 3058 2640 174 19 Elaeussa Insula Ciliciae, Sebaste postea dicta. Ex Steph. ⸤zio

530 3174 2547 134 20 Elana Ciuitas in Arabia petraea, pella a Stephano di

771 3276 361 85 nuncupata

740 3281 2377 156 cata, a Plinio Laeana, ab ludaeis Haila, et Elat, po

771 3397 2386 134 ſtea Berenice, nunc Mecha. Vere tamem Elana

762 3513 2342 120 uidetur urbs illa, quae Tor dicitur, unde transiuit

758 3633 2305 152 Moses pharaonem fugiens : ubi etiam putei aquae

776 3749 2336 138 apparuerunt ludaeis ſitietibus, qui putei adduc ab

771 3883 2382 111 incolis in maxima ueneratione habentur. Ex Sabellico,

776 4003 1476 98 Berroso, Descriptione maris rubri.

584 4079 2578 107 21 Elanitius ſinus ab Elana iam dicta ciuitate uocatus

771 4173 2350 124 uel Elanatiuus, ab Artemidoro Aleniticus uocatur

762 4253 1427 120 ab Iuba Laeniticus. Ex Plinio

570 4364 2485 107 22 Elaphussa Insula in Adriatico mari, Brettotia etiam dicta

731 4453 2212 125 a fluuio Brettio : Brettadina quoq. postea Brettis Ex

735 4583 393 133 Stephano

98 891 370 107 et Europus,

3028 4601 151 129 Ela
