<?xml version="1.0" encoding="UTF-8"?>
<alto xmlns:xsi="http://www.w3.org/2001/XMLSchema-instance"
      xmlns="http://www.loc.gov/standards/alto/ns-v4#"
      xsi:schemaLocation="http://www.loc.gov/standards/alto/ns-v4# http://www.loc.gov/standards/alto/v4/alto-4-2.xsd">
  <Description>
    <MeasurementUnit>pixel</MeasurementUnit>
    <sourceImageInformation>
      <fileName>Cod_174_f055v.tif</fileName>
      
    </sourceImageInformation>
  </Description>
  
  <Tags>
    <OtherTag ID="BT98" LABEL="MainZone" DESCRIPTION="block type MainZone"/><OtherTag ID="BT99" LABEL="RunningTitleZone" DESCRIPTION="block type RunningTitleZone"/><OtherTag ID="BT100" LABEL="QuireMarksZone:catchwords" DESCRIPTION="block type QuireMarksZone:catchwords"/><OtherTag ID="BT101" LABEL="TitlePageZone" DESCRIPTION="block type TitlePageZone"/><OtherTag ID="BT110" LABEL="MarginTextZone:note" DESCRIPTION="block type MarginTextZone:note"/><OtherTag ID="BT111" LABEL="NumberingZone:page" DESCRIPTION="block type NumberingZone:page"/>
    <OtherTag ID="LT41" LABEL="HeadingLine" DESCRIPTION="line type HeadingLine"/><OtherTag ID="LT43" LABEL="InterlinearLine:correction" DESCRIPTION="line type InterlinearLine:correction"/><OtherTag ID="LT85" LABEL="DefaultLine" DESCRIPTION="line type DefaultLine"/>
  </Tags>
  
  <Layout>
    <Page WIDTH="3698"
          HEIGHT="5413"
          PHYSICAL_IMG_NR="13"
          ID="eSc_dummypage_">
      <PrintSpace HPOS="0"
                  VPOS="0"
                  WIDTH="3698"
                  HEIGHT="5413">
        
        <TextBlock HPOS="987"
                   VPOS="578"
                   WIDTH="2669"
                   HEIGHT="4149"
                   ID="eSc_textblock_6fb42acd"
                   TAGREFS="BT98">
          <Shape><Polygon POINTS="2483 578 3656 692 3651 3546 3643 3716 3646 3884 3646 4699 3554 4712 1188 4727 1189 4275 1000 4275 1017 4074 1175 4027 1201 3849 987 3855 1023 3318 1005 3188 1004 2847 1005 2508 1148 2497 1213 2330 1023 2352 1035 2018 1202 1930 1204 973 1023 980 999 662 1747 703 2170 689"/></Shape>
          
          
          <TextLine ID="eSc_line_2b36bd47"
                    TAGREFS="LT41"
                    BASELINE="1941 617 2311 631" 
                    HPOS="1937"
                    VPOS="473"
                    WIDTH="374"
                    HEIGHT="167">
            <Shape><Polygon POINTS="1941 617 1946 473 2040 518 2077 500 2099 491 2104 491 2108 491 2113 491 2117 491 2117 496 2140 514 2171 550 2311 554 2311 631 2302 640 1937 631"/></Shape>
	    <String CONTENT="Liber"
                    HPOS="1937"
                    VPOS="473"
                    WIDTH="374"
                    HEIGHT="167"></String>
          </TextLine>

          
          
          <TextLine ID="eSc_line_12526377"
                    TAGREFS="LT43"
                    BASELINE="2393 690 2664 676" 
                    HPOS="2370"
                    VPOS="581"
                    WIDTH="294"
                    HEIGHT="149">
            <Shape><Polygon POINTS="2393 690 2370 627 2447 581 2451 581 2456 581 2460 581 2465 581 2537 617 2650 613 2664 676 2664 694 2478 730 2474 730 2469 730 2384 708"/></Shape>
	    <String CONTENT="Clauis"
                    HPOS="2370"
                    VPOS="581"
                    WIDTH="294"
                    HEIGHT="149"></String>
          </TextLine>

          
          
          <TextLine ID="eSc_line_551f6f95"
                    TAGREFS="LT85"
                    BASELINE="1088 793 3250 762 3530 775" 
                    HPOS="1074"
                    VPOS="663"
                    WIDTH="2456"
                    HEIGHT="171">
            <Shape><Polygon POINTS="1088 793 1074 717 1196 690 1196 690 1196 690 1201 690 1201 690 1205 690 1205 690 1205 690 1210 690 1246 712 1268 726 1512 726 1526 712 1557 685 1557 685 1562 685 1562 685 1562 685 1566 685 1566 685 1571 685 1571 685 1571 685 1575 685 1575 685 1580 685 1580 685 1580 690 1607 712 1620 721 1666 712 1724 699 1724 699 1724 699 1729 699 1882 708 2009 717 2027 708 2067 685 2067 685 2067 685 2072 685 2072 685 2077 685 2077 685 2289 708 2370 712 2388 703 2460 672 2460 672 2465 672 2465 672 2465 672 2469 672 2469 672 2645 703 2673 708 2682 703 2727 667 2727 667 2731 667 2731 667 2736 667 2736 667 2736 667 2740 667 2740 667 2745 667 2849 694 2871 676 2871 672 2871 672 2876 672 2876 672 2876 672 2880 672 2880 672 2880 672 2885 672 2885 672 2889 672 2889 672 2943 690 3120 663 3120 663 3124 663 3124 663 3124 663 3129 663 3241 699 3526 699 3530 775 3526 784 2984 784 2975 789 2957 807 2957 811 2957 811 2952 811 2952 811 2952 811 2948 811 2948 811 2948 816 2858 816 2853 811 2853 811 2849 811 2849 811 2849 811 2844 811 2844 811 2822 793 2808 784 2749 793 2578 816 2578 816 2573 816 2573 816 2411 793 2393 793 2388 793 2365 816 2365 820 2365 820 2361 820 2361 820 2361 820 2356 820 2356 820 2352 820 2352 820 2167 798 2131 793 2099 798 1946 825 1946 825 1941 825 1941 825 1941 825 1810 798 1792 798 1756 798 1413 834 1413 834 1408 834 1083 802"/></Shape>
	    <String CONTENT="6 Dana palus in agro Senensi, ⟦cla⟨⟩is⟧ d◌̄r. Ex Declarationo."
                    HPOS="1074"
                    VPOS="663"
                    WIDTH="2456"
                    HEIGHT="171"></String>
          </TextLine>

          
          
          <TextLine ID="eSc_line_38b79992"
                    TAGREFS="LT85"
                    BASELINE="1119 897 2253 875 3372 893 3592 907" 
                    HPOS="1101"
                    VPOS="793"
                    WIDTH="2488"
                    HEIGHT="131">
            <Shape><Polygon POINTS="1115 893 1101 825 1187 793 1187 793 1192 793 1192 793 1196 793 1196 793 1196 793 1201 793 1277 816 1408 793 1408 793 1408 793 1413 793 1413 793 1417 793 1417 793 1417 793 1422 793 1458 816 1620 793 1620 793 1625 793 1625 793 1630 793 1711 816 1720 816 1738 816 1950 793 1955 793 2673 802 3499 816 3576 793 3589 906 3580 920 3106 888 3074 915 3074 920 3074 920 3070 920 3070 920 3070 920 3065 920 3065 920 3065 920 3061 920 2664 893 2578 920 2573 920 2573 920 2573 920 2569 920 2569 920 2564 920 2564 920 2564 920 2560 920 2560 920 2560 915 2528 888 2167 888 2117 920 2113 920 2113 920 2113 920 2108 920 2108 920 2104 920 2104 920 2104 920 1964 893 1115 924"/></Shape>
	    <String CONTENT="7 Danubius Germaniae fluuius in planis ingis montis Ab¬"
                    HPOS="1101"
                    VPOS="793"
                    WIDTH="2488"
                    HEIGHT="131"></String>
          </TextLine>

          
          
          <TextLine ID="eSc_line_554a6f04"
                    TAGREFS="LT85"
                    BASELINE="3092 931 3449 939" 
                    HPOS="3083"
                    VPOS="870"
                    WIDTH="362"
                    HEIGHT="95">
            <Shape><Polygon POINTS="3088 929 3088 870 3440 875 3445 938 3436 965 3083 942"/></Shape>
	    <String CONTENT="quinque , uel"
                    HPOS="3083"
                    VPOS="870"
                    WIDTH="362"
                    HEIGHT="95"></String>
          </TextLine>

          
          
          <TextLine ID="eSc_line_59277323"
                    TAGREFS="LT85"
                    BASELINE="1264 1001 2767 983 3562 1010" 
                    HPOS="1250"
                    VPOS="897"
                    WIDTH="2312"
                    HEIGHT="149">
            <Shape><Polygon POINTS="1264 1001 1250 938 1345 897 1345 897 1350 897 1350 897 1350 897 1354 897 1354 897 1359 897 1490 933 1792 933 1824 902 1824 897 1824 897 1828 897 1828 897 1828 897 1833 897 1833 897 1833 897 1837 897 1837 897 1842 897 1964 929 2045 902 2045 902 2049 902 2049 902 2054 902 2054 902 2054 902 2058 902 2058 902 2058 902 2113 929 2185 902 2185 902 2189 902 2189 902 2194 902 2194 902 2198 902 2284 924 2311 902 2311 897 2311 897 2316 897 2316 897 2316 897 2320 897 2320 897 2325 897 2555 897 2555 897 2555 897 2560 897 2560 897 2632 924 2898 897 2898 897 2903 897 2903 897 2907 897 2907 897 2907 897 2912 897 2957 929 3074 906 3074 906 3074 906 3079 906 3079 906 3083 906 3083 906 3083 906 3088 906 3088 906 3111 929 3156 906 3156 906 3160 906 3160 906 3160 906 3165 906 3558 933 3562 1010 3553 1042 3350 1019 3323 1042 3323 1042 3323 1042 3318 1042 3318 1042 3318 1042 3314 1042 3314 1042 3314 1046 3034 1046 3029 1042 3029 1042 3002 1037 2880 1010 2849 1037 2844 1042 2844 1042 2840 1042 2840 1042 2840 1042 2835 1042 2835 1042 2831 1042 2831 1042 2831 1042 2826 1042 2826 1042 2826 1042 2822 1042 2813 1037 2772 1010 2375 1010 2347 1028 2334 1042 2334 1042 2329 1042 2329 1042 2329 1042 2325 1042 2325 1042 2320 1042 2320 1042 2320 1042 2316 1042 2316 1042 2316 1042 2289 1028 2253 1010 2158 1010 2131 1028 2113 1042 2113 1042 2108 1042 2108 1042 2104 1042 2104 1042 2104 1042 2099 1042 2099 1042 1977 1023 1864 1010 1833 1023 1792 1042 1792 1042 1788 1042 1788 1042 1788 1042 1783 1042 1783 1042 1783 1042 1693 1023 1657 1014 1616 1019 1544 1032 1544 1032 1539 1032 1539 1032 1539 1032 1535 1032 1535 1032 1530 1032 1530 1032 1517 1019 1508 1014 1499 1019 1481 1037 1481 1037 1476 1037 1476 1037 1476 1037 1471 1037 1471 1037 1467 1037 1467 1037 1259 1014"/></Shape>
	    <String CONTENT="nobae ortus, Sexaginta fluuios recipiens ; ∧Sex ,uel Sep"
                    HPOS="1250"
                    VPOS="897"
                    WIDTH="2312"
                    HEIGHT="149"></String>
          </TextLine>

          
          
          <TextLine ID="eSc_line_9304ef91"
                    TAGREFS="LT85"
                    BASELINE="1259 1118 3589 1091" 
                    HPOS="1237"
                    VPOS="1010"
                    WIDTH="2352"
                    HEIGHT="122">
            <Shape><Polygon POINTS="1259 1118 1237 1064 1259 1032 1259 1032 1264 1032 1264 1028 1264 1028 1268 1028 1268 1028 1268 1028 1273 1028 1273 1028 1277 1028 1277 1028 1277 1028 1282 1028 1282 1028 1345 1051 1557 1023 1557 1023 1562 1023 1562 1023 1819 1046 1846 1023 1846 1019 1846 1019 1851 1019 1851 1019 1851 1019 1855 1019 1855 1019 1860 1019 1860 1019 1860 1019 1977 1042 2022 1014 2027 1014 2027 1014 2031 1014 2031 1014 2031 1014 2036 1014 2036 1014 2203 1042 2420 1010 2420 1010 2424 1010 3580 1032 3589 1091 3589 1105 1259 1132"/></Shape>
	    <String CONTENT="tem ostijs in Euxinum influens : hoc nomine uocatur"
                    HPOS="1237"
                    VPOS="1010"
                    WIDTH="2352"
                    HEIGHT="122"></String>
          </TextLine>

          
          
          <TextLine ID="eSc_line_eca0a888"
                    TAGREFS="LT85"
                    BASELINE="1282 1217 3589 1199" 
                    HPOS="1268"
                    VPOS="1114"
                    WIDTH="2321"
                    HEIGHT="121">
            <Shape><Polygon POINTS="1282 1217 1268 1159 1363 1127 1368 1127 1368 1127 1368 1127 1372 1127 1688 1150 1724 1150 1738 1150 1842 1123 1846 1123 1846 1123 1851 1123 1851 1123 1851 1123 1950 1145 1968 1145 2031 1141 2307 1123 2311 1123 2311 1123 2311 1123 2316 1123 2316 1123 2316 1123 2320 1123 2320 1123 2320 1127 2334 1136 2338 1141 2343 1136 2356 1123 2356 1123 2361 1123 2361 1123 2361 1123 2365 1123 2365 1123 2365 1123 2370 1123 2641 1132 2998 1141 3074 1123 3106 1114 3111 1114 3111 1114 3115 1114 3115 1114 3174 1118 3309 1136 3576 1114 3589 1199 3589 1235 1282 1235"/></Shape>
	    <String CONTENT="a fontibus ipsius usq. ad Cataractas, quae ſinu in Da"
                    HPOS="1268"
                    VPOS="1114"
                    WIDTH="2321"
                    HEIGHT="121"></String>
          </TextLine>

          
          
          <TextLine ID="eSc_line_9f784c80"
                    TAGREFS="LT85"
                    BASELINE="1264 1312 3576 1303" 
                    HPOS="1255"
                    VPOS="1213"
                    WIDTH="2321"
                    HEIGHT="117">
            <Shape><Polygon POINTS="1264 1312 1255 1254 1544 1249 1571 1222 1571 1217 1571 1217 1575 1217 1575 1217 1575 1217 1580 1217 1580 1217 1580 1217 1584 1217 1584 1217 1589 1217 1589 1217 1661 1244 1684 1222 1684 1217 1684 1217 1688 1217 1688 1217 1688 1217 1693 1217 1693 1217 1697 1217 1697 1217 1697 1217 1702 1217 1702 1217 1702 1217 1756 1244 1946 1217 1946 1217 1950 1217 1950 1217 1950 1217 1955 1217 2045 1249 2176 1249 2203 1222 2203 1217 2203 1217 2207 1217 2207 1217 2207 1217 2212 1217 2212 1217 2212 1217 2216 1217 2216 1217 2221 1217 2221 1217 2293 1244 2352 1222 2352 1222 2356 1222 2356 1222 2361 1222 2361 1222 2361 1222 2365 1222 2365 1222 2365 1222 2411 1244 2641 1244 2668 1217 2668 1213 2668 1213 2673 1213 2673 1213 2673 1213 2677 1213 2677 1213 2677 1213 2682 1213 3011 1240 3368 1213 3372 1213 3372 1213 3372 1213 3377 1213 3377 1213 3377 1213 3381 1213 3427 1244 3567 1244 3576 1303 3567 1330 1259 1326"/></Shape>
	    <String CONTENT="corum finibus : inde a Getis usq. ad pontum Iſter, et"
                    HPOS="1255"
                    VPOS="1213"
                    WIDTH="2321"
                    HEIGHT="117"></String>
          </TextLine>

          
          
          <TextLine ID="eSc_line_ab610e4c"
                    TAGREFS="LT85"
                    BASELINE="1277 1438 3576 1398" 
                    HPOS="1273"
                    VPOS="1303"
                    WIDTH="2303"
                    HEIGHT="172">
            <Shape><Polygon POINTS="1277 1438 1273 1344 1490 1366 1512 1339 1512 1339 1517 1339 1517 1335 1517 1335 1521 1335 1521 1335 1526 1335 1526 1335 1526 1335 1530 1335 1639 1339 1950 1362 1995 1339 2027 1326 2027 1326 2027 1326 2031 1326 2031 1326 2031 1326 2036 1326 2036 1326 2117 1339 2176 1348 2203 1339 2235 1326 2235 1326 2239 1326 2239 1326 2239 1326 2244 1326 2244 1326 2248 1326 2248 1326 2248 1326 2253 1326 2253 1326 2266 1339 2289 1357 2320 1339 2352 1321 2352 1321 2352 1321 2356 1321 2356 1321 2356 1321 2361 1321 2361 1321 2365 1321 2429 1339 2478 1353 2524 1339 2582 1317 2582 1317 2587 1317 2587 1317 2591 1317 2691 1317 2691 1317 2691 1317 2695 1317 2695 1317 2695 1317 2700 1317 2700 1317 2700 1321 2718 1339 2731 1348 2772 1339 2822 1326 2826 1326 2826 1326 2831 1326 2831 1326 2831 1326 2835 1326 2871 1335 2885 1344 2894 1335 2912 1321 2912 1317 2912 1317 2916 1317 2916 1317 2916 1317 2921 1317 2921 1317 2925 1317 2925 1317 2925 1317 2930 1317 2930 1317 2934 1317 2966 1335 2984 1344 3305 1344 3440 1339 3445 1335 3503 1303 3503 1303 3503 1303 3508 1303 3508 1303 3508 1303 3512 1303 3512 1303 3512 1303 3517 1303 3517 1303 3521 1303 3576 1335 3576 1398 3571 1425 1535 1443 1277 1475"/></Shape>
	    <String CONTENT="Iſtrus dicitur : a Graecis Danubis, et Danusis appella"
                    HPOS="1273"
                    VPOS="1303"
                    WIDTH="2303"
                    HEIGHT="172"></String>
          </TextLine>

          
          
          <TextLine ID="eSc_line_9ef218ac"
                    TAGREFS="LT85"
                    BASELINE="1241 1538 3589 1502" 
                    HPOS="1228"
                    VPOS="1411"
                    WIDTH="2361"
                    HEIGHT="158">
            <Shape><Polygon POINTS="1241 1538 1228 1475 1688 1470 1697 1461 1711 1447 1711 1443 1711 1443 1715 1443 1715 1443 1715 1443 1720 1443 1720 1443 1720 1443 1724 1443 1724 1443 1729 1443 1783 1456 1810 1466 1846 1456 1909 1438 1914 1438 1914 1438 1914 1438 1918 1438 2131 1447 2289 1456 2347 1443 2402 1429 2406 1429 2406 1429 2411 1429 2411 1429 2501 1438 2614 1452 2682 1434 2718 1425 2722 1425 2722 1425 2727 1425 2948 1429 3517 1438 3567 1411 3589 1502 3585 1524 2483 1529 2442 1538 2334 1560 2334 1560 2334 1560 2329 1560 2329 1560 2198 1542 2149 1538 2077 1542 1824 1569 1819 1569 1237 1551"/></Shape>
	    <String CONTENT="tur ; a Scythis Matoas propter calamitatem quandam"
                    HPOS="1228"
                    VPOS="1411"
                    WIDTH="2361"
                    HEIGHT="158"></String>
          </TextLine>

          
          
          <TextLine ID="eSc_line_dc721fbf"
                    TAGREFS="LT85"
                    BASELINE="1246 1664 3580 1619" 
                    HPOS="1228"
                    VPOS="1533"
                    WIDTH="2352"
                    HEIGHT="172">
            <Shape><Polygon POINTS="1246 1664 1228 1605 1273 1574 1277 1574 1277 1574 1277 1574 1282 1574 1282 1574 1282 1574 1286 1574 1286 1574 1291 1574 1291 1574 1345 1596 1368 1574 1368 1569 1368 1569 1372 1569 1372 1569 1372 1569 1377 1569 1377 1569 1377 1569 1381 1569 1693 1592 1738 1560 1738 1560 1742 1560 1742 1560 1747 1560 1747 1560 1747 1560 1751 1560 1751 1560 1751 1560 1756 1560 1756 1560 1756 1560 1760 1560 1797 1587 1869 1560 1869 1560 1873 1560 1873 1560 1878 1560 1878 1560 2113 1583 2162 1551 2167 1551 2167 1551 2171 1551 2171 1551 2171 1551 2176 1551 2176 1551 2370 1578 2686 1574 2758 1542 2758 1542 2763 1542 2763 1542 2767 1542 2767 1542 3020 1565 3101 1533 3101 1533 3106 1533 3106 1533 3111 1533 3111 1533 3111 1533 3115 1533 3115 1533 3120 1533 3165 1560 3323 1538 3323 1538 3327 1538 3327 1538 3571 1560 3580 1619 3571 1664 3490 1637 2984 1669 2939 1669 2934 1669 2903 1669 2664 1650 2632 1669 2605 1687 2600 1687 2600 1687 2596 1687 2596 1687 2596 1687 2591 1687 2591 1687 2469 1669 2451 1669 2429 1669 2284 1691 2284 1691 2280 1691 2280 1691 2280 1691 2275 1691 2275 1691 2275 1691 2271 1691 2271 1691 2248 1673 2235 1659 2207 1673 2144 1696 2144 1696 2140 1696 2140 1696 2140 1696 2135 1696 2135 1696 2131 1696 2040 1673 2022 1669 2000 1673 1887 1696 1887 1696 1887 1696 1882 1696 1882 1696 1882 1696 1878 1696 1878 1696 1828 1673 1819 1669 1819 1673 1792 1696 1792 1700 1792 1700 1788 1700 1788 1700 1788 1700 1783 1700 1783 1700 1783 1700 1462 1705 1458 1705 1458 1705 1241 1673"/></Shape>
	    <String CONTENT="a Germanis Doneschingen, ex uillae, unde oritur, no"
                    HPOS="1228"
                    VPOS="1533"
                    WIDTH="2352"
                    HEIGHT="172"></String>
          </TextLine>

          
          
          <TextLine ID="eSc_line_066988c3"
                    TAGREFS="LT85"
                    BASELINE="1259 1768 2022 1781 3548 1741" 
                    HPOS="1250"
                    VPOS="1650"
                    WIDTH="2308"
                    HEIGHT="154">
            <Shape><Polygon POINTS="1259 1768 1250 1709 1372 1687 1372 1687 1377 1687 1377 1687 1377 1687 1381 1687 1381 1687 1381 1687 1386 1687 1386 1687 1386 1691 1404 1705 1408 1714 1684 1714 1693 1700 1711 1687 1711 1682 1711 1682 1715 1682 1715 1682 1715 1682 1720 1682 1720 1682 1720 1682 1724 1682 1724 1682 1729 1682 1729 1682 1779 1700 1788 1705 1788 1700 1810 1682 1810 1678 1810 1678 1815 1678 1815 1678 1815 1678 1819 1678 1819 1678 1824 1678 1824 1678 1824 1678 1828 1678 1905 1700 1923 1705 1941 1700 2009 1673 2009 1673 2013 1673 2013 1673 2013 1673 2018 1673 2018 1673 2022 1673 2022 1673 2022 1673 2027 1673 2063 1696 2067 1700 2077 1696 2153 1673 2158 1673 2158 1673 2158 1673 2162 1673 2162 1673 2167 1673 2167 1673 2167 1673 2171 1673 2203 1696 2212 1700 2510 1700 2515 1691 2528 1673 2533 1673 2533 1669 2533 1669 2537 1669 2537 1669 2537 1669 2542 1669 2542 1669 2542 1669 2546 1669 2546 1669 2668 1691 2677 1691 2682 1691 2704 1669 2704 1664 2704 1664 2709 1664 2709 1664 2709 1664 2713 1664 2713 1664 2713 1664 2718 1664 2718 1664 2862 1687 2889 1664 2889 1659 2889 1659 2894 1659 2894 1659 2894 1659 2898 1659 2898 1659 2903 1659 2903 1659 3129 1682 3336 1650 3336 1650 3341 1650 3341 1650 3539 1682 3548 1741 3558 1754 3512 1786 3508 1786 3508 1786 3508 1786 3503 1786 3503 1786 3503 1786 3499 1786 3499 1786 3296 1763 3183 1790 3178 1790 3178 1790 3174 1790 3174 1790 3174 1790 3169 1790 3169 1790 3169 1790 3165 1790 3133 1768 3088 1790 3088 1790 3088 1790 3083 1790 3083 1790 3079 1790 2641 1777 2533 1804 2528 1804 2528 1804 2524 1804 1255 1799"/></Shape>
	    <String CONTENT="mine, et ab Italis Danoia. Ex Heredoto, Strabone"
                    HPOS="1250"
                    VPOS="1650"
                    WIDTH="2308"
                    HEIGHT="154"></String>
          </TextLine>

          
          
          <TextLine ID="eSc_line_168270e1"
                    TAGREFS="LT85"
                    BASELINE="1255 1894 2456 1885 3571 1835" 
                    HPOS="1241"
                    VPOS="1768"
                    WIDTH="2330"
                    HEIGHT="167">
            <Shape><Polygon POINTS="1255 1894 1241 1831 3558 1768 3571 1835 3567 1881 3092 1871 3029 1890 3002 1899 2998 1899 2998 1899 2998 1899 2993 1899 2880 1894 2713 1885 2393 1903 1918 1926 1914 1926 1914 1926 1769 1912 1724 1908 1702 1912 1625 1935 1620 1935 1620 1935 1620 1935 1616 1935 1250 1917"/></Shape>
	    <String CONTENT="Dionysio, Plinio, Solino, Flacco, Tacito, Ptolemaeo, Arn⟨⟩"
                    HPOS="1241"
                    VPOS="1768"
                    WIDTH="2330"
                    HEIGHT="167"></String>
          </TextLine>

          
          
          <TextLine ID="eSc_line_80cd36b9"
                    TAGREFS="LT85"
                    BASELINE="1255 1989 2691 1966" 
                    HPOS="1246"
                    VPOS="1890"
                    WIDTH="1445"
                    HEIGHT="135">
            <Shape><Polygon POINTS="1255 1989 1246 1935 2465 1890 2469 1890 2682 1912 2691 1966 2686 1984 2040 2020 2036 2020 2036 2020 1864 1998 1846 1998 1846 1998 1828 2020 1824 2020 1824 2025 1824 2025 1819 2025 1819 2025 1819 2025 1815 2025 1815 2025 1810 2025 1250 2007"/></Shape>
	    <String CONTENT="no Marcellino, Stephano, Munstero."
                    HPOS="1246"
                    VPOS="1890"
                    WIDTH="1445"
                    HEIGHT="135"></String>
          </TextLine>

          
          
          <TextLine ID="eSc_line_9bb672ba"
                    TAGREFS="LT85"
                    BASELINE="1079 2097 2700 2084 3585 2047" 
                    HPOS="1056"
                    VPOS="1962"
                    WIDTH="2529"
                    HEIGHT="185">
            <Shape><Polygon POINTS="1079 2097 1056 2029 1110 1998 1115 1998 1115 1998 1119 1998 1119 1998 1119 1998 1124 1998 1124 1998 1255 2020 1332 1993 1332 1993 1336 1993 1336 1993 1341 1993 1341 1993 1341 1993 1345 1993 1426 2020 1458 2029 1481 2016 1526 1993 1526 1993 1526 1993 1530 1993 1530 1993 1530 1993 1535 1993 1535 1993 1652 2011 1693 2020 1702 2011 1724 1993 1724 1989 1724 1989 1729 1989 1729 1989 1729 1989 1733 1989 1733 1989 1738 1989 1738 1989 1738 1989 1842 2007 1918 2020 2424 2016 2487 1989 2505 1984 2505 1984 2510 1984 2510 1984 2515 1984 2515 1984 2515 1984 2519 1984 2519 1984 2519 1984 2528 1989 2569 2011 2591 1989 2600 1980 2600 1975 2600 1975 2605 1975 2605 1975 2605 1975 2609 1975 2609 1975 2609 1975 2614 1975 2614 1975 2618 1975 2618 1975 2618 1975 2623 1975 2623 1975 2632 1984 2664 2011 2700 1984 2704 1980 2709 1980 2709 1980 2709 1980 2713 1980 2713 1980 2713 1980 2718 1980 2718 1980 2722 1980 2722 1980 2731 1984 2785 2002 2831 1980 2835 1980 2835 1980 2835 1980 2840 1980 2840 1980 2844 1980 2844 1980 2844 1980 2849 1980 2853 1980 2943 2007 3273 2007 3350 1966 3359 1962 3359 1962 3359 1962 3363 1962 3363 1962 3368 1962 3368 1962 3368 1962 3372 1962 3372 1962 3372 1962 3377 1962 3381 1966 3413 1989 3571 1962 3585 2047 3585 2120 3354 2124 3350 2124 3350 2124 3345 2124 3345 2124 3345 2124 3341 2124 3341 2124 3341 2120 3341 2120 3314 2093 3165 2079 3133 2102 3133 2102 3129 2102 3129 2102 3124 2102 3124 2102 3124 2102 3120 2102 2921 2088 2885 2120 2876 2124 2876 2129 2876 2129 2871 2129 2871 2129 2871 2129 2867 2129 2867 2129 2862 2129 2862 2129 2862 2129 2858 2129 2858 2129 2831 2120 2790 2102 2356 2102 2347 2115 2325 2133 2325 2138 2325 2138 2320 2138 2320 2138 2320 2138 2316 2138 2316 2138 2316 2138 2311 2138 2311 2138 2307 2138 2307 2138 2307 2138 2302 2138 2266 2115 2244 2102 2167 2115 2104 2124 2104 2124 2099 2124 2099 2124 2099 2124 2095 2124 2095 2124 2090 2124 2090 2124 2077 2115 2058 2102 1715 2111 1566 2115 1539 2142 1539 2147 1539 2147 1535 2147 1535 2147 1535 2147 1530 2147 1530 2147 1526 2147 1526 2147 1526 2147 1521 2147 1521 2147 1517 2147 1517 2147 1476 2115 1313 2142 1313 2142 1309 2142 1309 2142 1309 2142 1304 2142 1304 2142 1304 2142 1300 2142 1300 2142 1268 2111 1074 2106"/></Shape>
	    <String CONTENT="8 Daphne ſuburbium in ore ponti ad Siniſtram nauigantib⟨us⟩"
                    HPOS="1056"
                    VPOS="1962"
                    WIDTH="2529"
                    HEIGHT="185"></String>
          </TextLine>

          
          
          <TextLine ID="eSc_line_2fe7c33b"
                    TAGREFS="LT85"
                    BASELINE="1255 2183 2822 2183" 
                    HPOS="1250"
                    VPOS="2111"
                    WIDTH="1572"
                    HEIGHT="117">
            <Shape><Polygon POINTS="1255 2183 1255 2111 2822 2120 2822 2183 2822 2201 2632 2201 2587 2228 2582 2228 2582 2228 2582 2228 2578 2228 2578 2228 2573 2228 2573 2228 2573 2228 2569 2228 2569 2228 2496 2201 2262 2228 2262 2228 2257 2228 2257 2228 2253 2228 2253 2228 2253 2228 2248 2228 2248 2228 2248 2223 2221 2201 1639 2201 1381 2228 1381 2228 1377 2228 1377 2228 1377 2228 1250 2196"/></Shape>
	    <String CONTENT="Sergium etiam dicitur. Ex Sephano"
                    HPOS="1250"
                    VPOS="2111"
                    WIDTH="1572"
                    HEIGHT="117"></String>
          </TextLine>

          
          
          <TextLine ID="eSc_line_16c71632"
                    TAGREFS="LT85"
                    BASELINE="1088 2277 3585 2259" 
                    HPOS="1074"
                    VPOS="2178"
                    WIDTH="2511"
                    HEIGHT="149">
            <Shape><Polygon POINTS="1088 2277 1074 2223 1155 2187 1155 2187 1160 2187 1160 2187 1164 2187 1490 2187 1490 2187 1490 2187 1494 2187 1494 2187 1494 2187 1499 2187 1499 2187 1499 2192 1521 2214 1589 2187 1589 2187 1593 2187 1593 2187 1593 2187 1598 2187 1598 2187 1602 2187 1602 2187 1679 2214 1684 2214 1851 2214 1855 2214 1882 2187 1882 2183 1882 2183 1887 2183 1887 2183 1887 2183 1891 2183 1891 2183 1891 2183 1896 2183 1896 2183 1900 2183 2009 2210 2018 2210 2591 2210 2600 2201 2636 2178 2641 2178 2641 2178 2641 2178 2645 2178 2645 2178 2650 2178 2650 2178 2650 2178 2654 2178 2654 2178 2654 2178 2659 2178 2659 2178 2682 2201 2691 2205 3571 2192 3585 2259 3580 2309 3156 2286 3129 2309 3129 2314 3129 2314 3124 2314 3124 2314 3124 2314 3124 2314 3120 2314 3120 2314 3120 2314 3115 2314 3092 2314 2709 2296 2654 2318 2650 2318 2650 2318 2645 2318 2645 2318 2645 2318 2641 2318 2641 2318 2627 2318 2483 2291 2411 2318 2411 2318 2411 2318 2406 2318 2406 2318 2402 2318 2375 2318 1941 2300 1887 2323 1882 2323 1882 2323 1878 2323 1878 2323 1878 2323 1873 2323 1873 2323 1869 2323 1864 2323 1765 2296 1620 2323 1616 2323 1616 2323 1611 2323 1611 2323 1611 2323 1607 2323 1607 2323 1535 2300 1508 2323 1508 2323 1508 2327 1508 2327 1503 2327 1503 2327 1503 2327 1499 2327 1499 2327 1499 2327 1494 2327 1444 2327 1146 2300 1092 2327"/></Shape>
	    <String CONTENT="9 Daphnus Cariae fluuius, postea ab impetu praerapido Ha"
                    HPOS="1074"
                    VPOS="2178"
                    WIDTH="2511"
                    HEIGHT="149"></String>
          </TextLine>

          
          
          <TextLine ID="eSc_line_9d7b6601"
                    TAGREFS="LT85"
                    BASELINE="1282 2399 2980 2377" 
                    HPOS="1277"
                    VPOS="2291"
                    WIDTH="1707"
                    HEIGHT="153">
            <Shape><Polygon POINTS="1282 2399 1277 2332 1783 2332 1788 2327 1806 2309 1806 2305 1806 2305 1810 2305 1810 2305 1810 2305 1815 2305 1815 2305 1819 2305 2226 2323 2284 2323 2293 2323 2375 2296 2379 2296 2379 2296 2384 2296 2384 2296 2614 2318 2618 2318 2618 2318 2636 2296 2641 2296 2641 2291 2641 2291 2645 2291 2645 2291 2645 2291 2650 2291 2650 2291 2650 2291 2654 2291 2971 2318 2980 2377 2984 2395 2952 2422 2952 2422 2948 2422 2948 2422 2948 2422 2943 2422 2943 2422 2943 2422 2939 2422 2691 2404 2641 2399 2587 2404 2433 2426 2433 2426 2429 2426 2429 2426 2429 2426 2352 2413 2329 2408 2325 2413 2302 2431 2302 2431 2298 2431 2298 2431 2298 2431 2293 2431 2293 2431 2289 2431 1869 2426 1345 2422 1286 2444"/></Shape>
	    <String CONTENT="paſus dictus fuit. Ex Apollonio, Varino"
                    HPOS="1277"
                    VPOS="2291"
                    WIDTH="1707"
                    HEIGHT="153"></String>
          </TextLine>

          
          
          <TextLine ID="eSc_line_aecb4513"
                    TAGREFS="LT85"
                    BASELINE="1228 2499 2528 2499 3589 2435" 
                    HPOS="1223"
                    VPOS="2368"
                    WIDTH="2366"
                    HEIGHT="189">
            <Shape><Polygon POINTS="1228 2499 1223 2422 1593 2440 1684 2413 1693 2408 1697 2408 1697 2408 1697 2408 1702 2408 1702 2408 1706 2408 1706 2408 1711 2408 1783 2440 1824 2408 1828 2404 1828 2404 1833 2404 1833 2404 1833 2404 1837 2404 1837 2404 1842 2404 1842 2404 1891 2408 2153 2431 2167 2413 2171 2413 2171 2408 2171 2408 2176 2408 2176 2408 2176 2408 2180 2408 2180 2408 2185 2408 2185 2408 2185 2408 2275 2426 2302 2399 2307 2399 2307 2395 2307 2395 2311 2395 2311 2395 2311 2395 2316 2395 2316 2395 2320 2395 2320 2395 2356 2399 2542 2422 2772 2417 2799 2390 2803 2386 2803 2381 2803 2381 2808 2381 2808 2381 2808 2381 2813 2381 2813 2381 2813 2381 2817 2381 2817 2381 2822 2381 2822 2381 2844 2390 2907 2413 3101 2408 3129 2381 3142 2372 3142 2372 3147 2372 3147 2372 3147 2372 3151 2372 3151 2372 3156 2372 3156 2372 3156 2372 3160 2372 3160 2372 3165 2372 3178 2381 3210 2399 3260 2381 3296 2368 3296 2368 3300 2368 3300 2368 3305 2368 3580 2377 3589 2435 3585 2467 3372 2508 3372 2508 3368 2508 3368 2508 3368 2508 3363 2508 3363 2508 3359 2508 3309 2480 2867 2489 2740 2526 2736 2526 2736 2526 2731 2526 2731 2526 2578 2508 2086 2539 2081 2539 2081 2539 1887 2517 1869 2539 1864 2539 1864 2544 1864 2544 1860 2544 1860 2544 1855 2544 1855 2544 1855 2544 1851 2544 1851 2544 1846 2544 1769 2526 1742 2548 1742 2548 1738 2548 1738 2548 1733 2548 1733 2548 1733 2548 1729 2548 1729 2548 1562 2521 1562 2521 1557 2521 1345 2557 1345 2557 1341 2557 1341 2557 1341 2557 1336 2557 1336 2557 1332 2557 1332 2557 1332 2553 1300 2526 1295 2526 1228 2526"/></Shape>
	    <String CONTENT="Daphnus urbs phocidis, Daphnusa appellantur ab Euphorion"
                    HPOS="1223"
                    VPOS="2368"
                    WIDTH="2366"
                    HEIGHT="189"></String>
          </TextLine>

          
          
          <TextLine ID="eSc_line_26d007a4"
                    TAGREFS="LT85"
                    BASELINE="1052 2598 2695 2598 3553 2571" 
                    HPOS="1043"
                    VPOS="2480"
                    WIDTH="2510"
                    HEIGHT="154">
            <Shape><Polygon POINTS="1052 2598 1043 2526 1309 2494 1309 2494 1313 2494 1313 2494 1318 2494 1318 2494 1318 2494 1322 2494 1322 2494 1322 2499 1345 2517 1359 2535 1553 2535 1584 2512 1611 2494 1616 2494 1616 2494 1616 2494 1620 2494 1620 2494 1625 2494 1625 2494 1625 2494 1630 2494 1630 2494 1634 2494 1634 2494 1657 2512 1679 2530 1720 2512 1760 2494 1760 2494 1765 2494 1765 2494 1765 2494 1769 2494 1769 2494 1774 2494 1774 2494 1774 2494 1779 2494 1779 2494 1779 2499 1792 2512 1810 2530 2167 2530 2207 2503 2226 2489 2230 2489 2230 2489 2230 2489 2235 2489 2235 2489 2239 2489 2239 2489 2239 2489 2244 2489 2244 2489 2248 2489 2248 2489 2262 2503 2298 2530 2365 2530 2469 2526 2496 2499 2505 2489 2505 2485 2505 2485 2510 2485 2510 2485 2510 2485 2515 2485 2515 2485 2515 2485 2519 2485 2519 2485 2524 2485 2524 2485 2524 2485 2528 2485 2528 2485 2542 2499 2569 2521 2645 2499 2650 2499 2650 2499 2650 2499 2654 2499 2654 2499 2790 2517 2817 2489 2822 2489 2822 2485 2822 2485 2826 2485 2826 2485 2826 2485 2831 2485 2831 2485 2835 2485 2939 2485 2939 2485 2939 2485 2943 2485 2943 2485 2943 2485 2948 2485 2948 2485 2952 2489 2993 2521 3061 2499 3065 2499 3065 2499 3065 2499 3070 2499 3070 2499 3273 2517 3309 2485 3309 2480 3309 2480 3309 2480 3314 2480 3314 2480 3314 2480 3318 2480 3318 2480 3323 2480 3544 2480 3553 2571 3548 2620 3332 2598 2691 2616 2298 2629 2293 2629 2018 2616 1864 2607 1819 2611 1702 2634 1702 2634 1697 2634 1047 2607"/></Shape>
	    <String CONTENT="10 Daphnusa Insula prope Chium, ab alijs dicitur ⸤ Ex S⟨⟩"
                    HPOS="1043"
                    VPOS="2480"
                    WIDTH="2510"
                    HEIGHT="154"></String>
          </TextLine>

          
          
          <TextLine ID="eSc_line_eef67916"
                    TAGREFS="LT85"
                    BASELINE="1336 2692 2086 2679" 
                    HPOS="1332"
                    VPOS="2589"
                    WIDTH="754"
                    HEIGHT="158">
            <Shape><Polygon POINTS="1336 2692 1332 2602 1815 2620 1824 2611 1846 2593 1846 2589 1846 2589 1851 2589 1851 2589 1851 2589 1855 2589 1855 2589 1860 2589 1946 2589 1946 2589 1946 2589 1950 2589 1950 2589 1950 2589 1955 2589 1955 2589 1955 2593 1982 2616 1982 2620 2077 2620 2086 2679 2081 2697 1833 2742 1833 2742 1828 2742 1828 2742 1828 2742 1824 2742 1824 2742 1824 2742 1819 2742 1788 2720 1706 2742 1702 2742 1702 2742 1697 2742 1697 2742 1697 2742 1693 2742 1693 2742 1693 2742 1688 2742 1688 2742 1688 2738 1657 2706 1557 2747 1557 2747 1553 2747 1553 2747 1553 2747 1548 2747 1548 2747 1332 2711"/></Shape>
	    <String CONTENT="Thallusa. Ex Plinio"
                    HPOS="1332"
                    VPOS="2589"
                    WIDTH="754"
                    HEIGHT="158"></String>
          </TextLine>

          
          
          <TextLine ID="eSc_line_251b1f25"
                    TAGREFS="LT85"
                    BASELINE="1070 2760 1788 2796 3598 2724" 
                    HPOS="1061"
                    VPOS="2634"
                    WIDTH="2537"
                    HEIGHT="203">
            <Shape><Polygon POINTS="1070 2760 1061 2701 1336 2692 1341 2692 1341 2692 1368 2697 1539 2724 1566 2692 1571 2692 1571 2692 1571 2688 1571 2688 1575 2688 1575 2688 1580 2688 1580 2688 1580 2688 1584 2688 1584 2688 1589 2688 1589 2688 1589 2688 1593 2688 1593 2688 1598 2692 1620 2711 1648 2692 1657 2683 1657 2683 1661 2683 1661 2683 1661 2683 1666 2683 1666 2683 1670 2683 1670 2683 1670 2683 1675 2683 1675 2683 1675 2683 1679 2683 1679 2683 1679 2688 1684 2692 1720 2724 2004 2720 2040 2688 2040 2683 2040 2683 2040 2683 2045 2683 2045 2683 2045 2683 2049 2683 2049 2683 2054 2683 2054 2683 2054 2683 2072 2683 2194 2711 2221 2683 2235 2670 2235 2670 2235 2665 2239 2665 2239 2665 2239 2665 2244 2665 2244 2665 2248 2665 2320 2665 2320 2665 2320 2665 2325 2665 2325 2665 2325 2665 2329 2665 2329 2665 2329 2670 2343 2679 2365 2701 2555 2701 2578 2679 2596 2665 2596 2661 2596 2661 2600 2661 2600 2661 2605 2661 2605 2661 2605 2661 2609 2661 2609 2661 2609 2661 2614 2661 2664 2674 2713 2692 2993 2670 3097 2665 3101 2665 3101 2665 3101 2665 3106 2665 3120 2670 3165 2683 3237 2670 3395 2634 3395 2634 3395 2634 3399 2634 3399 2634 3589 2665 3598 2724 3594 2778 3354 2747 3309 2778 3305 2778 3305 2778 3305 2778 3300 2778 3300 2778 3300 2778 3296 2778 3296 2778 3291 2778 3210 2756 3183 2787 3178 2787 3178 2787 3178 2792 3178 2792 3174 2792 3174 2792 3169 2792 3169 2792 3169 2792 3165 2792 3165 2792 3115 2787 2998 2769 2971 2787 2962 2796 2957 2796 2957 2796 2957 2796 2952 2796 2952 2796 2952 2796 2948 2796 2948 2796 2943 2796 2943 2796 2943 2796 2939 2796 2930 2787 2894 2765 2727 2792 2654 2801 2654 2801 2650 2801 2650 2801 2650 2801 2645 2801 2618 2792 2591 2783 2573 2792 2546 2810 2542 2810 2542 2810 2537 2810 2537 2810 2537 2810 2533 2810 2533 2810 2429 2796 2375 2787 2343 2796 2284 2814 2280 2814 2280 2814 2280 2814 2275 2814 2275 2814 2131 2801 2095 2796 2045 2801 1720 2832 1720 2832 1715 2832 1715 2832 1580 2805 1548 2801 1544 2805 1503 2837 1503 2837 1499 2837 1499 2837 1494 2837 1494 2837 1494 2837 1490 2837 1490 2837 1485 2837 1485 2837 1485 2837 1481 2837 1435 2805 1426 2805 1070 2810"/></Shape>
	    <String CONTENT="11 Daratus Libyae interioris fluuius, Canaga est, uel Cianag⟨⟩"
                    HPOS="1061"
                    VPOS="2634"
                    WIDTH="2537"
                    HEIGHT="203"></String>
          </TextLine>

          
          
          <TextLine ID="eSc_line_e6a83b70"
                    TAGREFS="LT85"
                    BASELINE="1219 2886 3178 2873" 
                    HPOS="1210"
                    VPOS="2801"
                    WIDTH="1968"
                    HEIGHT="131">
            <Shape><Polygon POINTS="1219 2886 1210 2832 1318 2805 1318 2805 1318 2805 1322 2805 1846 2823 1860 2805 1864 2805 1864 2801 1864 2801 1869 2801 1869 2801 1869 2801 1873 2801 1873 2801 1878 2801 3169 2819 3178 2873 3174 2895 2858 2923 2853 2923 2853 2923 2853 2923 2849 2923 2781 2900 2776 2900 2776 2900 2740 2923 2736 2923 2736 2923 2731 2923 2731 2923 2731 2923 2727 2923 2420 2904 2420 2904 2420 2904 2397 2923 2397 2927 2397 2927 2393 2927 2393 2927 2393 2927 2388 2927 2388 2927 2384 2927 2384 2927 2384 2927 2379 2927 2307 2904 2302 2904 2302 2904 2198 2927 2198 2927 2198 2927 2194 2927 1760 2909 1751 2909 1751 2909 1729 2927 1729 2932 1729 2932 1724 2932 1724 2932 1724 2932 1720 2932 1720 2932 1715 2932 1214 2909"/></Shape>
	    <String CONTENT="qui Mauros Nigritis Separat. Ex Barroso."
                    HPOS="1210"
                    VPOS="2801"
                    WIDTH="1968"
                    HEIGHT="131"></String>
          </TextLine>

          
          
          <TextLine ID="eSc_line_149246ec"
                    TAGREFS="LT85"
                    BASELINE="1056 2999 2831 2999 3219 2990 3594 2950" 
                    HPOS="1052"
                    VPOS="2891"
                    WIDTH="2542"
                    HEIGHT="149">
            <Shape><Polygon POINTS="1056 2999 1052 2936 1137 2936 1137 2932 1164 2909 1164 2904 1164 2904 1169 2904 1169 2904 1169 2904 1173 2904 1173 2904 1173 2904 1178 2904 1178 2904 1182 2904 1282 2932 1295 2932 1304 2927 1372 2904 1372 2904 1377 2904 1377 2904 1381 2904 1381 2904 1381 2904 1386 2904 1386 2904 1386 2904 1390 2904 1390 2904 1417 2927 1422 2932 1426 2927 1471 2904 1471 2904 1471 2904 1476 2904 1476 2904 1476 2904 1481 2904 1481 2904 1485 2904 1485 2904 1485 2904 1490 2904 1490 2904 1512 2927 1530 2941 1684 2941 1697 2923 1715 2909 1715 2904 1715 2904 1720 2904 1720 2904 1720 2904 1724 2904 1724 2904 1729 2904 1729 2904 1729 2904 1801 2923 1815 2923 1824 2918 1869 2900 1869 2900 1873 2900 1873 2900 1873 2900 1878 2900 1878 2900 1878 2900 1882 2900 1882 2900 1928 2918 1959 2936 2022 2936 2040 2918 2054 2904 2054 2900 2054 2900 2058 2900 2058 2900 2058 2900 2063 2900 2063 2900 2067 2900 2067 2900 2067 2900 2072 2900 2072 2900 2072 2900 2099 2913 2135 2936 2474 2936 2505 2909 2515 2900 2515 2900 2519 2900 2519 2900 2519 2900 2524 2900 2524 2900 2528 2900 2528 2900 2528 2900 2533 2900 2533 2900 2537 2900 2537 2900 2537 2904 2542 2909 2573 2932 2799 2932 2822 2909 2822 2904 2822 2904 2826 2904 2826 2904 2826 2904 2831 2904 2831 2904 2831 2904 2835 2904 3214 2927 3291 2895 3291 2895 3291 2895 3296 2895 3296 2895 3296 2895 3300 2895 3300 2895 3300 2895 3305 2895 3305 2895 3305 2895 3309 2895 3309 2895 3341 2918 3580 2891 3594 2950 3594 3013 2207 3035 2203 3035 2203 3035 2054 3017 2009 3013 2004 3017 1986 3031 1986 3035 1986 3035 1982 3035 1982 3035 1982 3035 1977 3035 1977 3035 1977 3035 1973 3035 1715 3017 1675 3017 1661 3017 1580 3040 1575 3040 1575 3040 1571 3040 1052 3017"/></Shape>
	    <String CONTENT="12 Dariorigum Galliae Lugdunensis opp. Vannes est . Ex ⟨⟩"
                    HPOS="1052"
                    VPOS="2891"
                    WIDTH="2542"
                    HEIGHT="149"></String>
          </TextLine>

          
          
          <TextLine ID="eSc_line_137645ba"
                    TAGREFS="LT85"
                    BASELINE="1088 3107 2600 3112 3571 3062" 
                    HPOS="1083"
                    VPOS="2995"
                    WIDTH="2497"
                    HEIGHT="158">
            <Shape><Polygon POINTS="1088 3107 1083 3017 1399 3044 1440 3013 1440 3013 1444 3013 1444 3013 1444 3013 1444 3013 1449 3013 1449 3013 1453 3013 1557 3013 1557 3013 1557 3013 1557 3013 1562 3013 1562 3013 1562 3013 1639 3053 1779 3053 1833 3013 1837 3013 1837 3013 1837 3013 1842 3013 1842 3013 1842 3013 1846 3013 1846 3013 1846 3013 1851 3013 1946 3044 2040 3008 2040 3008 2045 3008 2045 3008 2045 3008 2049 3008 2049 3008 2049 3008 2049 3008 2054 3008 2054 3008 2054 3008 2117 3040 2149 3008 2149 3008 2149 3004 2149 3004 2149 3004 2153 3004 2153 3004 2153 3004 2158 3004 2158 3004 2162 3004 2162 3004 2162 3004 2167 3004 2167 3004 2167 3004 2171 3004 2239 3044 2365 3044 2393 3017 2393 3013 2393 3013 2397 3013 2397 3013 2397 3013 2402 3013 2402 3013 2402 3013 2406 3013 2406 3013 2411 3013 2411 3013 2487 3040 2912 3035 2975 2999 2984 2995 2984 2995 2984 2995 2989 2995 2989 2995 2989 2995 2993 2995 2993 2995 2998 2995 2998 2995 2998 2995 3007 2999 3065 3026 3558 2995 3571 3062 3580 3089 3548 3121 3548 3126 3548 3126 3544 3126 3544 3126 3544 3126 3539 3126 3539 3126 3539 3126 3535 3126 3535 3126 3530 3126 3530 3126 3530 3126 3526 3126 3485 3103 3205 3103 3156 3130 3151 3130 3151 3130 3147 3130 3147 3130 3147 3130 3142 3130 2921 3112 2492 3139 2492 3139 1508 3148 1503 3148 1503 3148 1499 3148 1499 3148 1499 3148 1494 3148 1462 3130 1440 3148 1440 3153 1440 3153 1435 3153 1435 3153 1435 3153 1431 3153 1431 3153 1431 3153 1426 3153 1083 3126"/></Shape>
	    <String CONTENT="13 Daros Pannoniae fluuius in Norici montibus ortus apud"
                    HPOS="1083"
                    VPOS="2995"
                    WIDTH="2497"
                    HEIGHT="158"></String>
          </TextLine>

          
          
          <TextLine ID="eSc_line_ebd174d4"
                    TAGREFS="LT85"
                    BASELINE="1291 3225 2636 3216 3571 3175" 
                    HPOS="1282"
                    VPOS="3098"
                    WIDTH="2289"
                    HEIGHT="149">
            <Shape><Polygon POINTS="1291 3225 1282 3139 1458 3135 1462 3135 1462 3135 1467 3135 1467 3135 1467 3135 1471 3135 1471 3135 1517 3166 1769 3139 1769 3139 1774 3139 1774 3139 1774 3139 1779 3139 1779 3139 1819 3157 1842 3130 1846 3130 1846 3126 1846 3126 1851 3126 1851 3126 1851 3126 1855 3126 1855 3126 1855 3126 1860 3126 1860 3126 1864 3126 1864 3126 1882 3130 1950 3157 1982 3130 1982 3130 1986 3130 1986 3130 1986 3130 1986 3130 1991 3130 1991 3130 1991 3130 1995 3130 1995 3130 2004 3130 2135 3153 2162 3130 2167 3126 2167 3121 2167 3121 2171 3121 2171 3121 2171 3121 2176 3121 2176 3121 2180 3121 2180 3121 2244 3126 2415 3148 2456 3126 2483 3112 2483 3112 2483 3112 2487 3112 2487 3112 2487 3112 2492 3112 2492 3112 2492 3112 2496 3112 2496 3112 2501 3112 2501 3112 2515 3126 2546 3144 2763 3144 2799 3121 2826 3107 2826 3107 2826 3107 2831 3107 2831 3107 2831 3107 2835 3107 2835 3107 2835 3107 2840 3107 2840 3107 2840 3107 2867 3121 2898 3139 2957 3121 3016 3103 3020 3103 3020 3103 3020 3103 3025 3103 3025 3103 3025 3103 3029 3103 3029 3103 3065 3121 3101 3139 3169 3139 3187 3116 3205 3103 3205 3098 3205 3098 3210 3098 3210 3098 3210 3098 3214 3098 3214 3098 3214 3098 3219 3098 3562 3116 3571 3175 3558 3225 3503 3202 3476 3225 3472 3229 3472 3234 3472 3234 3467 3234 3467 3234 3463 3234 3463 3234 3463 3234 3458 3234 3458 3234 3404 3225 3273 3207 3210 3229 3205 3229 3205 3229 3201 3229 3201 3229 3196 3229 3097 3229 2745 3225 2731 3234 2718 3247 2718 3247 2713 3247 2713 3247 2713 3247 2709 3247 2709 3247 2704 3247 1286 3243"/></Shape>
	    <String CONTENT="Torbium, et in Danubium fluens ad Teutoburgum ,"
                    HPOS="1282"
                    VPOS="3098"
                    WIDTH="2289"
                    HEIGHT="149"></String>
          </TextLine>

          
          
          <TextLine ID="eSc_line_df02439e"
                    TAGREFS="LT85"
                    BASELINE="1264 3310 2605 3319 3589 3288" 
                    HPOS="1259"
                    VPOS="3216"
                    WIDTH="2330"
                    HEIGHT="135">
            <Shape><Polygon POINTS="1264 3310 1259 3229 2560 3252 2587 3220 2591 3220 2591 3220 2591 3216 2591 3216 2596 3216 2596 3216 2596 3216 2600 3216 2600 3216 2605 3216 2605 3216 2605 3216 2609 3216 2609 3216 2623 3220 2686 3247 2871 3220 2889 3220 2889 3220 2894 3220 2894 3220 2894 3220 2898 3220 2898 3220 2903 3220 2962 3247 2984 3220 2989 3220 2989 3216 2989 3216 2993 3216 2993 3216 2993 3216 2998 3216 2998 3216 3002 3216 3002 3216 3002 3216 3007 3216 3025 3220 3088 3238 3156 3220 3174 3216 3178 3216 3178 3216 3183 3216 3580 3220 3589 3288 3585 3315 2546 3351 2542 3351 1259 3333"/></Shape>
	    <String CONTENT="Drauus etiam uocatur, nunc Dam, et Moria. Ex eodem"
                    HPOS="1259"
                    VPOS="3216"
                    WIDTH="2330"
                    HEIGHT="135"></String>
          </TextLine>

          
          
          <TextLine ID="eSc_line_55aedf54"
                    TAGREFS="LT85"
                    BASELINE="1056 3374 2207 3432 3594 3401" 
                    HPOS="1047"
                    VPOS="3306"
                    WIDTH="2547"
                    HEIGHT="167">
            <Shape><Polygon POINTS="1056 3374 1056 3306 1359 3306 1359 3306 1359 3306 1363 3306 1363 3306 1363 3306 1368 3306 1413 3328 1467 3306 1476 3306 1476 3306 1481 3306 1481 3306 1485 3306 1485 3306 1485 3306 1508 3310 1679 3342 1724 3310 1724 3310 1729 3310 1729 3310 1729 3310 1733 3310 1733 3310 1738 3310 1738 3310 1738 3310 1742 3310 1747 3310 1824 3338 1851 3315 1851 3310 1851 3310 1851 3310 1855 3310 1855 3310 1855 3310 1860 3310 1860 3310 1860 3310 1864 3310 1864 3310 1869 3310 1869 3310 1869 3310 1873 3310 1873 3310 1873 3310 1918 3347 2022 3328 2022 3328 2022 3328 2027 3328 2636 3351 2668 3319 2673 3319 2673 3315 2673 3315 2677 3315 2677 3315 2677 3315 2682 3315 2682 3315 2682 3315 2686 3315 2686 3315 2691 3315 2691 3315 2691 3315 2695 3315 2695 3315 2700 3319 2745 3351 2871 3347 2889 3324 2898 3319 2898 3315 2898 3315 2903 3315 2903 3315 2903 3315 2907 3315 2907 3315 2912 3315 2912 3315 2912 3315 2916 3315 2916 3315 2921 3315 2934 3324 2993 3356 3585 3333 3594 3401 3589 3428 3481 3428 3409 3473 3404 3473 3404 3473 3404 3473 3399 3473 3399 3473 3395 3473 3395 3473 3395 3473 3390 3473 3390 3473 3390 3473 3386 3473 3386 3473 3386 3468 3341 3428 3097 3428 2984 3473 2984 3473 2980 3473 2980 3473 2980 3473 2975 3473 2975 3473 2971 3473 2808 3432 2609 3468 2609 3468 2605 3468 2361 3464 2361 3464 2361 3464 2356 3464 2356 3464 2356 3464 2352 3464 2352 3464 2352 3459 2347 3459 2334 3441 2253 3464 2248 3464 2248 3464 2244 3464 2244 3464 2244 3464 2113 3441 1751 3459 1747 3459 1747 3459 1747 3459 1742 3459 1742 3459 1738 3459 1738 3459 1684 3419 1440 3419 1368 3459 1363 3459 1363 3459 1359 3459 1359 3459 1359 3459 1354 3459 1354 3459 1354 3459 1350 3459 1350 3459 1350 3459 1345 3459 1345 3459 1291 3410 1047 3405"/></Shape>
	    <String CONTENT="14 Dascyleum Bithyniae opp. Diasquilo uulgo nuncupatur"
                    HPOS="1047"
                    VPOS="3306"
                    WIDTH="2547"
                    HEIGHT="167"></String>
          </TextLine>

          
          
          <TextLine ID="eSc_line_f2795eac"
                    TAGREFS="LT85"
                    BASELINE="1255 3495 1878 3513" 
                    HPOS="1250"
                    VPOS="3405"
                    WIDTH="632"
                    HEIGHT="117">
            <Shape><Polygon POINTS="1255 3495 1255 3423 1476 3432 1490 3428 1557 3405 1557 3405 1562 3405 1562 3405 1566 3405 1566 3405 1566 3405 1571 3405 1571 3405 1639 3437 1643 3437 1657 3437 1769 3419 1769 3419 1774 3419 1774 3419 1779 3419 1882 3446 1878 3513 1869 3522 1250 3509"/></Shape>
	    <String CONTENT="Ex Oliuario"
                    HPOS="1250"
                    VPOS="3405"
                    WIDTH="632"
                    HEIGHT="117"></String>
          </TextLine>

          
          
          <TextLine ID="eSc_line_3c8653fc"
                    TAGREFS="LT85"
                    BASELINE="1070 3590 2483 3617 3598 3604" 
                    HPOS="1061"
                    VPOS="3495"
                    WIDTH="2537"
                    HEIGHT="158">
            <Shape><Polygon POINTS="1070 3590 1065 3518 1219 3495 1219 3495 1223 3495 1223 3495 1228 3495 1228 3495 1228 3495 1232 3495 1232 3495 1232 3500 1250 3513 1255 3518 1259 3513 1286 3495 1291 3495 1291 3495 1291 3495 1295 3495 1295 3495 1300 3495 1300 3495 1300 3495 1304 3495 1368 3513 1408 3527 1435 3513 1476 3495 1476 3495 1476 3495 1481 3495 1481 3495 1485 3495 1485 3495 1485 3495 1490 3495 1490 3495 1490 3495 1526 3513 1544 3527 1562 3513 1571 3504 1571 3504 1575 3504 1575 3504 1575 3504 1580 3504 1580 3504 1584 3504 1584 3504 1584 3504 1589 3504 1589 3504 1589 3504 1593 3504 1593 3504 1593 3509 1602 3513 1616 3531 1810 3531 1864 3513 1900 3500 1900 3500 1905 3500 1905 3500 1909 3500 1909 3500 1909 3500 1914 3500 1914 3500 1914 3500 1918 3500 1918 3500 1918 3504 1932 3513 1946 3531 1982 3513 1991 3509 1991 3509 1991 3509 1995 3509 1995 3509 2000 3509 2000 3509 2000 3509 2004 3509 2004 3509 2009 3509 2013 3513 2049 3536 2280 3536 2316 3513 2316 3509 2320 3509 2320 3509 2320 3509 2325 3509 2325 3509 2325 3509 2329 3509 2329 3509 2334 3509 2334 3509 2334 3509 2338 3509 2338 3509 2338 3513 2338 3513 2343 3513 2361 3541 2447 3541 2483 3509 2483 3509 2483 3509 2487 3509 2487 3509 2492 3509 2492 3509 2492 3509 2496 3509 2496 3509 2501 3509 2501 3509 2501 3509 2505 3509 2555 3536 2591 3509 2596 3504 2596 3504 2600 3504 2600 3504 2605 3504 2605 3504 2605 3504 2609 3504 2609 3504 2614 3504 2614 3504 2614 3504 2618 3504 2618 3504 2618 3509 2623 3509 2650 3541 2763 3541 2790 3509 2794 3509 2794 3504 2794 3504 2799 3504 2799 3504 2799 3504 2803 3504 2803 3504 2808 3504 2957 3504 2957 3504 2957 3504 2962 3504 2962 3504 2962 3504 2966 3504 2966 3504 2966 3509 2966 3509 2971 3509 2998 3541 3219 3518 3219 3518 3223 3518 3223 3518 3228 3518 3228 3518 3228 3518 3232 3518 3232 3518 3246 3531 3269 3513 3269 3509 3269 3509 3273 3509 3273 3509 3273 3509 3273 3509 3278 3509 3278 3509 3282 3509 3282 3509 3282 3509 3287 3509 3287 3509 3390 3541 3589 3509 3598 3604 3594 3626 3097 3653 3092 3653 3092 3653 3088 3653 3088 3653 3088 3653 3038 3631 2975 3653 2975 3653 2971 3653 2971 3653 2966 3653 2031 3622 2009 3640 2009 3644 2009 3644 2004 3644 2004 3644 2004 3644 2000 3644 2000 3644 2000 3649 1706 3649 1702 3644 1702 3644 1697 3644 1697 3644 1697 3644 1693 3644 1693 3644 1693 3640 1688 3640 1670 3617 1268 3640 1264 3640 1264 3640 1061 3608"/></Shape>
	    <String CONTENT="15 Deblathaim palaestinae urbs, Helmon deblo, et Helmon deblo"
                    HPOS="1061"
                    VPOS="3495"
                    WIDTH="2537"
                    HEIGHT="158"></String>
          </TextLine>

          
          
          <TextLine ID="eSc_line_773e636b"
                    TAGREFS="LT85"
                    BASELINE="1264 3698 2898 3730" 
                    HPOS="1259"
                    VPOS="3613"
                    WIDTH="1639"
                    HEIGHT="130">
            <Shape><Polygon POINTS="1264 3698 1264 3617 1566 3640 1602 3626 1630 3613 1630 3613 1634 3613 1634 3613 1634 3613 1639 3613 1639 3613 1824 3631 1986 3653 2140 3653 2153 3644 2180 3622 2185 3622 2185 3622 2185 3622 2189 3622 2189 3622 2189 3622 2194 3622 2194 3622 2438 3649 2501 3658 2510 3653 2533 3631 2533 3631 2537 3631 2537 3631 2537 3631 2542 3631 2542 3631 2546 3631 2664 3631 2664 3631 2664 3631 2668 3631 2668 3631 2736 3658 2745 3667 2894 3667 2898 3730 2889 3743 1259 3712"/></Shape>
	    <String CONTENT="thaim etiam uocata fuit. Ex Roberto."
                    HPOS="1259"
                    VPOS="3613"
                    WIDTH="1639"
                    HEIGHT="130"></String>
          </TextLine>

          
          
          <TextLine ID="eSc_line_ac72a7c7"
                    TAGREFS="LT85"
                    BASELINE="1061 3757 1223 3753 2171 3825 3589 3847" 
                    HPOS="1052"
                    VPOS="3667"
                    WIDTH="2537"
                    HEIGHT="234">
            <Shape><Polygon POINTS="1061 3757 1052 3694 1201 3667 1201 3667 1205 3667 1205 3667 1205 3667 1336 3698 1363 3703 1413 3698 1530 3689 1530 3689 1535 3689 1535 3689 1539 3689 1539 3689 1539 3689 1571 3703 1602 3721 1630 3703 1657 3685 1661 3685 1661 3685 1661 3685 1666 3685 1666 3685 1670 3685 1670 3685 1670 3685 1675 3685 1675 3685 1675 3685 1679 3685 1706 3707 1747 3734 1937 3739 1986 3716 1986 3716 1986 3716 1991 3716 1991 3716 1995 3716 1995 3716 1995 3716 2000 3716 2000 3716 2000 3716 2004 3716 2004 3716 2031 3743 2104 3721 2108 3721 2108 3721 2108 3721 2113 3721 2113 3721 2117 3721 2117 3721 2117 3721 2122 3721 2122 3721 2122 3725 2126 3725 2144 3748 2316 3734 2320 3734 2320 3734 2659 3766 2754 3730 2763 3725 2763 3725 2767 3725 2767 3725 2767 3725 2772 3725 2772 3725 2776 3725 2776 3725 2776 3725 2781 3725 2785 3730 2831 3757 2898 3730 2921 3725 2925 3725 2925 3725 2925 3725 2930 3725 2930 3725 2930 3725 2934 3725 2934 3725 2939 3725 2939 3725 2939 3730 2939 3730 2943 3734 2984 3780 3056 3780 3174 3739 3187 3734 3187 3734 3192 3734 3192 3734 3196 3734 3196 3734 3196 3734 3201 3734 3201 3734 3201 3734 3210 3739 3291 3784 3458 3789 3576 3748 3589 3847 3589 3865 3463 3901 3458 3901 3458 3901 3454 3901 3454 3901 3454 3901 3449 3901 3449 3901 3449 3901 3404 3879 2939 3883 2934 3883 2934 3883 2930 3883 2785 3847 2664 3874 2664 3874 2664 3874 2659 3874 2659 3874 2659 3874 2483 3843 2013 3852 2009 3852 2009 3852 2009 3852 2004 3852 2004 3852 1928 3820 1666 3838 1661 3838 1661 3838 1661 3838 1657 3838 1657 3838 1652 3838 1652 3838 1652 3834 1616 3807 1530 3825 1530 3825 1530 3825 1526 3825 1526 3825 1526 3825 1521 3825 1521 3825 1458 3798 1359 3829 1354 3829 1354 3829 1354 3829 1350 3829 1350 3829 1345 3829 1345 3829 1345 3829 1341 3829 1341 3829 1341 3825 1341 3825 1309 3789 1052 3780"/></Shape>
	    <String CONTENT="16 Decapolis Syriae regio intermare Galilaae, Sidonem, Ti"
                    HPOS="1052"
                    VPOS="3667"
                    WIDTH="2537"
                    HEIGHT="234"></String>
          </TextLine>

          
          
          <TextLine ID="eSc_line_2243ae41"
                    TAGREFS="LT85"
                    BASELINE="1255 3874 1828 3883 3192 3960 3567 3960" 
                    HPOS="1246"
                    VPOS="3771"
                    WIDTH="2321"
                    HEIGHT="216">
            <Shape><Polygon POINTS="1255 3874 1264 3771 1309 3802 1440 3780 1458 3780 1458 3780 1462 3780 1462 3780 1462 3780 1485 3784 1657 3825 1810 3825 1833 3802 1833 3798 1833 3798 1833 3798 1837 3798 1837 3798 1837 3798 1842 3798 1842 3798 1846 3798 1846 3798 1846 3798 1873 3802 2040 3843 2433 3856 2496 3834 2505 3829 2505 3829 2510 3829 2510 3829 2515 3829 2515 3829 2515 3829 2519 3829 2519 3829 2519 3829 2524 3829 2524 3829 2524 3834 2528 3834 2555 3865 2704 3870 2858 3852 2894 3847 2894 3847 2898 3847 2898 3847 2903 3847 2903 3847 2925 3852 3007 3888 3133 3888 3160 3865 3165 3861 3165 3861 3165 3861 3169 3861 3169 3861 3174 3861 3174 3861 3174 3861 3178 3861 3178 3861 3178 3861 3183 3861 3205 3870 3296 3897 3558 3888 3567 3960 3558 3987 1246 3897"/></Shape>
	    <String CONTENT="beriandem, et Damascum. a decem urbibus dicta, postea"
                    HPOS="1246"
                    VPOS="3771"
                    WIDTH="2321"
                    HEIGHT="216"></String>
          </TextLine>

          
          
          <TextLine ID="eSc_line_47f37287"
                    TAGREFS="LT85"
                    BASELINE="1237 3987 1720 3987 3101 4059 3589 4050" 
                    HPOS="1228"
                    VPOS="3888"
                    WIDTH="2361"
                    HEIGHT="225">
            <Shape><Polygon POINTS="1237 3987 1228 3915 1318 3888 1322 3888 1322 3888 1322 3888 1327 3888 1327 3888 1332 3888 1332 3888 1332 3888 1336 3888 1381 3919 1390 3919 1444 3919 1833 3915 1837 3915 1837 3915 1946 3937 1955 3937 1964 3937 2049 3915 2054 3915 2054 3915 2058 3915 2058 3915 2058 3915 2221 3946 2284 3956 2424 3951 2722 3942 2727 3942 2727 3942 2731 3942 2731 3942 2731 3942 2736 3942 2736 3942 2736 3946 2754 3965 2767 3974 2835 3965 2952 3951 2952 3951 2957 3951 3043 3956 3043 3956 3043 3956 3047 3956 3047 3956 3052 3956 3052 3956 3052 3960 3056 3960 3065 3974 3079 3987 3115 3974 3147 3965 3151 3965 3151 3965 3151 3965 3156 3965 3156 3965 3160 3965 3210 3978 3260 3992 3287 3978 3314 3969 3314 3969 3318 3969 3318 3969 3318 3969 3323 3969 3323 3969 3323 3969 3327 3969 3327 3969 3359 3983 3395 3996 3576 3992 3589 4050 3585 4091 3494 4113 3494 4113 3494 4113 3490 4113 3490 4113 3485 4113 3485 4113 3485 4113 3481 4113 3481 4113 3449 4086 3436 4077 3350 4082 3142 4100 3138 4100 3138 4100 3138 4100 3002 4068 2989 4068 2984 4068 2943 4091 2943 4091 2943 4091 2939 4091 2939 4091 2939 4091 2934 4091 2934 4091 2704 4059 2659 4055 2636 4055 2510 4073 2510 4073 2505 4073 2505 4073 2501 4073 2501 4073 2501 4073 2496 4073 2465 4050 2442 4037 2388 4046 2343 4055 2343 4055 2338 4055 2338 4055 2180 4041 1986 4019 1946 4032 1909 4041 1905 4041 1905 4041 1905 4041 1900 4041 1900 4041 1896 4041 1837 4028 1774 4005 1228 4001"/></Shape>
	    <String CONTENT="ab earum urna Caesarea appellata fuit. Ex Hierony"
                    HPOS="1228"
                    VPOS="3888"
                    WIDTH="2361"
                    HEIGHT="225"></String>
          </TextLine>

          
          
          <TextLine ID="eSc_line_a1a3fef0"
                    TAGREFS="LT85"
                    BASELINE="1264 4086 1946 4100" 
                    HPOS="1255"
                    VPOS="3996"
                    WIDTH="691"
                    HEIGHT="135">
            <Shape><Polygon POINTS="1264 4086 1264 4028 1440 4028 1440 4028 1476 4001 1476 3996 1476 3996 1481 3996 1481 3996 1485 3996 1485 3996 1485 3996 1490 3996 1490 3996 1494 3996 1494 3996 1494 3996 1562 4032 1625 4032 1733 4037 1738 4037 1765 4010 1765 4005 1765 4005 1769 4005 1769 4005 1769 4005 1774 4005 1774 4005 1779 4005 1851 4005 1851 4005 1851 4005 1855 4005 1855 4005 1946 4041 1946 4100 1941 4113 1494 4131 1490 4131 1490 4131 1255 4100"/></Shape>
	    <String CONTENT="mo, Brocardo."
                    HPOS="1255"
                    VPOS="3996"
                    WIDTH="691"
                    HEIGHT="135"></String>
          </TextLine>

          
          
          <TextLine ID="eSc_line_3dd83b10"
                    TAGREFS="LT85"
                    BASELINE="1070 4149 3029 4235 3594 4235" 
                    HPOS="1061"
                    VPOS="4073"
                    WIDTH="2533"
                    HEIGHT="198">
            <Shape><Polygon POINTS="1070 4149 1070 4073 3589 4177 3594 4235 3589 4262 2925 4271 2921 4271 2921 4271 2754 4240 2614 4258 2614 4258 2609 4258 2609 4258 2609 4258 2605 4258 2605 4258 2600 4258 2546 4226 1918 4231 1914 4231 1729 4222 1729 4222 1729 4222 1724 4222 1724 4222 1720 4222 1720 4222 1720 4217 1688 4190 1652 4217 1648 4217 1648 4217 1648 4217 1643 4217 1643 4217 1643 4217 1639 4217 1061 4163"/></Shape>
	    <String CONTENT="17 Delminium oppidum in Dalmatia, a quadrato Dalmium ⟨⟩"
                    HPOS="1061"
                    VPOS="4073"
                    WIDTH="2533"
                    HEIGHT="198"></String>
          </TextLine>

          
          
          <TextLine ID="eSc_line_9beb5928"
                    TAGREFS="LT85"
                    BASELINE="1237 4267 2668 4343 3585 4361" 
                    HPOS="1228"
                    VPOS="4213"
                    WIDTH="2361"
                    HEIGHT="198">
            <Shape><Polygon POINTS="1237 4267 1237 4213 1937 4213 1937 4213 1937 4213 2117 4240 2203 4249 2244 4240 2302 4231 2302 4231 2302 4231 2307 4231 2307 4231 2311 4231 2311 4231 2311 4231 2316 4231 2334 4244 2356 4258 2533 4249 2605 4249 2609 4249 2609 4249 2650 4253 2781 4276 2826 4258 2844 4253 2844 4253 2849 4253 2849 4253 2849 4253 2853 4253 2853 4253 2858 4253 2858 4253 2858 4253 2862 4253 2871 4262 2903 4280 2939 4262 2952 4258 2952 4258 2957 4258 2957 4258 2957 4258 2962 4258 2962 4258 2962 4258 2966 4258 2966 4258 2971 4258 2971 4258 2971 4258 2975 4262 3002 4285 3120 4267 3147 4267 3147 4267 3151 4267 3151 4267 3156 4267 3174 4271 3287 4298 3580 4285 3585 4361 3589 4380 3562 4407 3562 4411 3562 4411 3558 4411 3558 4411 3558 4411 3553 4411 3553 4411 3548 4411 3548 4411 3548 4411 3544 4411 3544 4411 3481 4384 3454 4407 3454 4407 3449 4407 3449 4407 3449 4407 3445 4407 3445 4407 3440 4407 3440 4407 3440 4407 3436 4407 3436 4407 3436 4407 3431 4407 3399 4384 3282 4402 3282 4402 3282 4402 3278 4402 3278 4402 3038 4366 2763 4380 2758 4380 1228 4285"/></Shape>
	    <String CONTENT="catum, et a Strabone ( quanuis apud Strabonem perpe"
                    HPOS="1228"
                    VPOS="4213"
                    WIDTH="2361"
                    HEIGHT="198"></String>
          </TextLine>

          
          
          <TextLine ID="eSc_line_f58c5885"
                    TAGREFS="LT85"
                    BASELINE="1237 4361 1914 4384 2704 4447 3594 4465" 
                    HPOS="1228"
                    VPOS="4289"
                    WIDTH="2366"
                    HEIGHT="212">
            <Shape><Polygon POINTS="1237 4361 1237 4289 3589 4407 3594 4465 3594 4479 3178 4501 3174 4501 2388 4438 2275 4461 2275 4461 2275 4461 2271 4461 2271 4461 2266 4461 2266 4461 2266 4461 2262 4461 2262 4461 2226 4429 2072 4416 2027 4411 1679 4402 1679 4402 1648 4429 1648 4434 1648 4434 1643 4434 1643 4434 1643 4434 1639 4434 1639 4434 1634 4434 1517 4429 1517 4429 1517 4429 1512 4429 1512 4429 1508 4429 1508 4429 1508 4425 1508 4425 1476 4393 1476 4389 1228 4380"/></Shape>
	    <String CONTENT="ram legatur Daimmion) Demna nunc est, in promer"
                    HPOS="1228"
                    VPOS="4289"
                    WIDTH="2366"
                    HEIGHT="212"></String>
          </TextLine>

          
          
          <TextLine ID="eSc_line_55f424f0"
                    TAGREFS="LT85"
                    BASELINE="1237 4456 1923 4470 2216 4515 2645 4546 3548 4573" 
                    HPOS="1228"
                    VPOS="4398"
                    WIDTH="2320"
                    HEIGHT="207">
            <Shape><Polygon POINTS="1237 4456 1232 4402 1918 4398 1923 4398 1923 4398 2149 4443 2207 4452 2248 4447 2329 4429 2329 4429 2329 4429 2334 4429 2334 4429 2334 4429 2338 4429 2338 4429 2343 4429 2343 4429 2361 4443 2388 4420 2388 4420 2388 4420 2393 4420 2393 4420 2397 4420 2397 4420 2397 4420 2402 4420 2402 4420 2402 4420 2406 4420 2406 4420 2487 4456 2510 4465 2533 4456 2582 4443 2587 4443 2587 4443 2587 4443 2591 4443 2591 4443 2596 4443 2596 4443 2596 4443 2600 4443 2600 4443 2600 4447 2618 4461 2627 4470 2691 4465 2817 4456 2822 4456 2822 4456 2822 4456 2930 4474 2971 4483 2998 4479 3088 4456 3092 4456 3092 4456 3097 4456 3097 4456 3097 4456 3101 4456 3101 4456 3106 4456 3106 4456 3106 4461 3138 4483 3142 4492 3544 4506 3548 4573 3544 4605 2465 4546 2451 4546 2289 4560 2289 4560 2284 4560 2284 4560 2280 4560 2280 4560 2280 4560 2275 4560 2275 4560 2275 4555 2271 4555 2253 4533 2253 4528 2113 4519 2099 4524 2049 4551 2049 4551 2049 4551 2045 4551 2045 4551 2045 4551 2040 4551 2040 4551 2036 4551 2036 4551 2036 4551 2031 4551 2031 4551 2031 4546 2000 4519 1982 4501 1810 4497 1756 4506 1625 4533 1625 4533 1625 4533 1620 4533 1620 4533 1616 4533 1616 4533 1616 4533 1611 4533 1611 4533 1611 4528 1575 4497 1566 4483 1228 4474"/></Shape>
	    <String CONTENT="cia ab ipsu nuncupata Dalmatia inter Illyriam, et"
                    HPOS="1228"
                    VPOS="4398"
                    WIDTH="2320"
                    HEIGHT="207"></String>
          </TextLine>

          
          
          <TextLine ID="eSc_line_35fd4819"
                    TAGREFS="LT85"
                    BASELINE="1232 4564 1928 4587 2654 4650 3567 4650" 
                    HPOS="1223"
                    VPOS="4506"
                    WIDTH="2348"
                    HEIGHT="203">
            <Shape><Polygon POINTS="1232 4564 1232 4506 1950 4506 1950 4506 1950 4506 2031 4524 2126 4542 2180 4524 2212 4515 2216 4515 2216 4515 2216 4515 2221 4515 2221 4515 2221 4515 2226 4515 2266 4528 2361 4560 2442 4533 2469 4524 2474 4524 2474 4524 2474 4524 2478 4524 2478 4524 2478 4524 2483 4524 2483 4524 2505 4533 2582 4569 3038 4583 3070 4555 3070 4551 3070 4551 3074 4551 3074 4551 3074 4551 3079 4551 3079 4551 3079 4551 3083 4551 3083 4551 3088 4551 3088 4551 3183 4587 3223 4551 3223 4551 3228 4551 3228 4551 3228 4551 3228 4551 3232 4551 3232 4551 3237 4551 3237 4551 3237 4551 3241 4551 3241 4551 3241 4551 3241 4551 3246 4551 3246 4551 3246 4555 3278 4587 3336 4560 3336 4560 3341 4560 3341 4560 3341 4560 3345 4560 3345 4560 3350 4560 3350 4560 3350 4560 3354 4560 3354 4560 3354 4564 3386 4592 3562 4560 3567 4650 3571 4659 3530 4700 3530 4704 3530 4704 3526 4704 3526 4704 3526 4704 3521 4704 3521 4704 3521 4704 3517 4704 3517 4704 3512 4704 3512 4704 3512 4704 3508 4704 3508 4704 3481 4682 3449 4709 3445 4709 3445 4709 3445 4709 3440 4709 3440 4709 3440 4709 3436 4709 3436 4709 3431 4709 3431 4709 3431 4709 3427 4709 3427 4709 3427 4704 3422 4704 3399 4677 3305 4704 3300 4704 3300 4704 3300 4704 3296 4704 3296 4704 3124 4677 2627 4682 2623 4682 2623 4682 2623 4682 2487 4650 2402 4673 2397 4673 2397 4673 2397 4673 2393 4673 2393 4673 2122 4628 2054 4614 1223 4605"/></Shape>
	    <String CONTENT="Macedoniam a Scardona ad Lissum. Ex Strab. Pli, Steph."
                    HPOS="1223"
                    VPOS="4506"
                    WIDTH="2348"
                    HEIGHT="203"></String>
          </TextLine>

          
          
          <TextLine ID="eSc_line_602ab466"
                    TAGREFS="LT85"
                    BASELINE="3503 4767 3580 4767" 
                    HPOS="3499"
                    VPOS="4695"
                    WIDTH="81"
                    HEIGHT="100">
            <Shape><Polygon POINTS="3503 4767 3503 4695 3580 4695 3580 4767 3576 4795 3499 4790"/></Shape>
	    <String CONTENT="De"
                    HPOS="3499"
                    VPOS="4695"
                    WIDTH="81"
                    HEIGHT="100"></String>
          </TextLine>

          
        </TextBlock>
        
        <TextBlock HPOS="1816"
                   VPOS="395"
                   WIDTH="535"
                   HEIGHT="290"
                   ID="eSc_textblock_c43ed67e"
                   TAGREFS="BT99">
          <Shape><Polygon POINTS="1816 395 1816 685 2351 685 2351 395"/></Shape>
          
        </TextBlock>
        
        <TextBlock HPOS="3443"
                   VPOS="4680"
                   WIDTH="160"
                   HEIGHT="172"
                   ID="eSc_textblock_84b27719"
                   TAGREFS="BT100">
          <Shape><Polygon POINTS="3603 4852 3603 4680 3443 4680 3443 4852"/></Shape>
          
        </TextBlock>
        

        
      </PrintSpace>
    </Page>
  </Layout>
</alto>
