3666 5350
1288 615 339 89 Sextus

2345 557 156 156 65

655 704 2480 147 nunc Vienna Austriae metropolis, et orbis christiani propugna

651 806 2506 134 culum aduersus Turcas. Ex Plinio, Ptolemaeo, Otthone frisigen

642 900 1471 125 ſi, Beato Rhenano, Lazio Viennensi.

392 976 2738 160 10 Felsina Italiae urbs una ex duodecim colonijs ab Æthrusuis cis Ap

646 1096 2444 152 peninum constituta, postea à Bois possessa, Boioniaq. dicta,

637 1199 2426 111 ( Bobon⟦e⟧ia est apud Stephanum) inde a Bono Tusco Bo

646 1297 2453 107 nonia, Romanorum colenia, ⟦a Theodosio Caesare euer

642 1399 2426 130 ſa, et  inſtaurata⟧, a pepulis, Vicecomitibus, Bentiuo

646 1502 2417 138 lis tenta, nunc libera ſub pontifice Romano. Quae om

646 1591 2422 178 nia pleni. in patria Hiſtoria deſcripsit Leander Alber

646 1725 1753 134 tus Bononiensis diligentissimus auctor.

437 1783 2711 178 11 Fenilia Æthruriae opp. Ansidonia quoq. dicitur. Ex Decl. urbium Ital.

419 1881 2756 160 12 Ferentini Italiae populi Hernicorum pars, Abrucenses ſunt

637 1975 2475 151 cum Samnitibus, Campanis, Apulis, Lucanis, Salentinis

619 2064 2476 151 Calabris, et Brutijs, ut ait Volaterranus, uel, ut SabeIli¬

637 2193 2342 120 cus cum Marrucinis, Veſtinis, Precutinis, et Marsis.

432 2255 2649 170 13 Ferentinum Hernicorum opp. in Italia, Ferentum dicitur

633 2394 1918 133 uulgoq. ferentia. Ex Volaterrano, Munſtero

437 2452 2618 156 14 Feretrum opp. in Piceno, feretratum etiam dictum, in quod

628 2568 2440 160 Otho Caesar Berengarium obsedit, est oppidum Sancti

637 2652 2471 214 Leonis, ut Liuthprandus papiensis ſcribit, uel lonij opinio

633 2777 2430 174 ne, Mons feltri, à quo familia īllustris nomen habuit,

628 2915 1347 130 quae Urbiatibus imperabat

437 2964 2680 192 15 Feritor Italiae fluuius, Bisamnus dicitur, et uulgo Valbi¬

646 3103 1525 178 ſagnus in Liguria. Ex lustiniano.

454 3174 2703 178 16 Feroniae lucus in Æthruria a Volaterrano Bientina dicitur

637 3325 2507 152 ab alijs petra Sancta, ab Iouio Balneum regium, à Te¬

628 3446 2493 151 grino Luchium in agro Lucensi: olim Caferonianum, et

637 3593 2507 138 feronianum a feroniae forno, Rhoda etiam. Ex Ilis, Annio

468 3700 2658 129 17 Ferraria promontorium in Hispania Tarraconensí pro

637 3807 2484 138 pe Carthaginem in Saturnio ſinu, ubi ferrariae effo

651 3927 2435 147 ſiones etiam ſunt, nunc apellatur Caput Martini

628 4030 2458 165 uel Segora. Nam caput Martini uidetur fuisse Scom

646 4155 2484 120 broaria ; quod tamen aliqui dici nunc credunt Caput

646 4275 2520 143 de Perales, Caput Pales, et Caput de palis. Scombroa

651 4404 2515 121 ria uero a Scombrorum multitudine dicitur a Strabono

646 4507 2560 151 Herantis Insula Hispaniae ſtadiorum quadringentorū ambi

2997 4618 147 125 tu,
