<?xml version="1.0" encoding="UTF-8"?>
<alto xmlns:xsi="http://www.w3.org/2001/XMLSchema-instance"
      xmlns="http://www.loc.gov/standards/alto/ns-v4#"
      xsi:schemaLocation="http://www.loc.gov/standards/alto/ns-v4# http://www.loc.gov/standards/alto/v4/alto-4-2.xsd">
  <Description>
    <MeasurementUnit>pixel</MeasurementUnit>
    <sourceImageInformation>
      <fileName>Cod_174_f039r.tif</fileName>
      
    </sourceImageInformation>
  </Description>
  
  <Tags>
    <OtherTag ID="BT98" LABEL="MainZone" DESCRIPTION="block type MainZone"/><OtherTag ID="BT99" LABEL="RunningTitleZone" DESCRIPTION="block type RunningTitleZone"/><OtherTag ID="BT100" LABEL="QuireMarksZone:catchwords" DESCRIPTION="block type QuireMarksZone:catchwords"/><OtherTag ID="BT101" LABEL="TitlePageZone" DESCRIPTION="block type TitlePageZone"/><OtherTag ID="BT110" LABEL="MarginTextZone:note" DESCRIPTION="block type MarginTextZone:note"/><OtherTag ID="BT111" LABEL="NumberingZone:page" DESCRIPTION="block type NumberingZone:page"/>
    <OtherTag ID="LT41" LABEL="headingLine" DESCRIPTION="line type headingLine"/><OtherTag ID="LT43" LABEL="InterlinearLine:correction" DESCRIPTION="line type InterlinearLine:correction"/><OtherTag ID="LT85" LABEL="DefaultLine" DESCRIPTION="line type DefaultLine"/>
  </Tags>
  
  <Layout>
    <Page WIDTH="3666"
          HEIGHT="5350"
          PHYSICAL_IMG_NR="11"
          ID="eSc_dummypage_">
      <PrintSpace HPOS="0"
                  VPOS="0"
                  WIDTH="3666"
                  HEIGHT="5350">
        
        <TextBlock HPOS="1300"
                   VPOS="463"
                   WIDTH="449"
                   HEIGHT="224"
                   ID="eSc_textblock_fb44f1e6"
                   TAGREFS="BT101">
          <Shape><Polygon POINTS="1300 463 1300 687 1749 687 1749 463"/></Shape>
          
          
          <TextLine ID="eSc_line_9726c757"
                    TAGREFS="LT41"
                    BASELINE="1376 591 1403 591 1444 591 1666 586" 
                    HPOS="1369"
                    VPOS="503"
                    WIDTH="294"
                    HEIGHT="103">
            <Shape><Polygon POINTS="1373 588 1369 503 1654 517 1663 584 1659 606 1369 601"/></Shape>
	    <String CONTENT="Tertius"
                    HPOS="1369"
                    VPOS="503"
                    WIDTH="294"
                    HEIGHT="103"></String>
          </TextLine>

          
          
          <TextLine ID="eSc_line_b73c2712"
                    TAGREFS="LT41"
                    BASELINE="1359 656 1706 656" 
                    HPOS="1351"
                    VPOS="588"
                    WIDTH="361"
                    HEIGHT="111">
            <Shape><Polygon POINTS="1355 655 1351 597 1699 588 1703 655 1712 673 1672 699 1667 699 1663 699 1659 699 1534 686 1436 677 1360 699"/></Shape>
	    <String CONTENT="Primus"
                    HPOS="1351"
                    VPOS="588"
                    WIDTH="361"
                    HEIGHT="111"></String>
          </TextLine>

          
        </TextBlock>
        
        <TextBlock HPOS="2391"
                   VPOS="543"
                   WIDTH="198"
                   HEIGHT="134"
                   ID="eSc_textblock_36d77bcb"
                   TAGREFS="BT111">
          <Shape><Polygon POINTS="2391 543 2391 677 2589 677 2589 543"/></Shape>
          
          
          <TextLine ID="eSc_line_4a28eae8"
                    TAGREFS="LT85"
                    BASELINE="2420 648 2557 654" 
                    HPOS="2394"
                    VPOS="575"
                    WIDTH="161"
                    HEIGHT="116">
            <Shape><Polygon POINTS="2417 646 2417 575 2551 584 2555 650 2551 664 2439 691 2439 691 2439 691 2435 691 2435 691 2430 691 2430 691 2430 691 2426 691 2426 691 2426 686 2421 686 2394 655"/></Shape>
	    <String CONTENT="39"
                    HPOS="2394"
                    VPOS="575"
                    WIDTH="161"
                    HEIGHT="116"></String>
          </TextLine>

          
        </TextBlock>
        
        <TextBlock HPOS="330"
                   VPOS="657"
                   WIDTH="3007"
                   HEIGHT="4060"
                   ID="eSc_textblock_8dc00ed5"
                   TAGREFS="BT98">
          <Shape><Polygon POINTS="330 657 359 4717 3335 4702 3337 731"/></Shape>
          
          
          <TextLine ID="eSc_line_c4e6433d"
                    TAGREFS="LT85"
                    BASELINE="461 748 2820 805 3070 767" 
                    HPOS="454"
                    VPOS="659"
                    WIDTH="2614"
                    HEIGHT="161">
            <Shape><Polygon POINTS="459 744 454 682 704 659 709 659 709 659 709 659 713 659 713 659 713 659 718 659 749 682 762 691 816 682 900 673 900 673 905 673 905 673 905 673 909 673 909 673 909 673 914 673 932 686 949 699 1592 708 1618 695 1627 686 1632 686 1632 686 1632 686 1636 686 1636 686 1641 686 1641 686 1641 686 1645 686 1645 686 1645 686 1663 695 1699 713 1855 695 1882 695 1882 695 1886 695 1886 695 1913 695 2087 722 2390 704 2470 699 2475 699 2475 699 2475 699 2510 704 2675 735 2778 708 2778 708 2782 708 2782 708 2782 708 2787 708 2787 708 2791 708 2791 708 2791 708 2791 708 2840 731 3050 713 3068 766 3063 806 1917 820 1913 820 1913 820 1908 820 1908 820 1833 793 1199 802 1195 802 1195 802 1190 802 1088 771 1083 771 1083 771 1048 798 1043 798 1043 798 1043 798 1039 798 1039 798 1034 798 709 793 709 793 709 793 704 793 704 793 704 793 700 793 700 793 700 789 673 762 454 757"/></Shape>
	    <String CONTENT="18 Calagorina Vasconum urbs in Hispania, Calabora est, et"
                    HPOS="454"
                    VPOS="659"
                    WIDTH="2614"
                    HEIGHT="161"></String>
          </TextLine>

          
          
          <TextLine ID="eSc_line_65ca3c7b"
                    TAGREFS="LT85"
                    BASELINE="682 860 3153 890" 
                    HPOS="673"
                    VPOS="798"
                    WIDTH="2475"
                    HEIGHT="124">
            <Shape><Polygon POINTS="677 856 677 798 3144 829 3148 887 3139 918 2649 896 2617 909 2586 922 2586 922 2582 922 2582 922 2582 922 2577 922 2577 922 2573 922 2573 922 2573 922 2568 922 2568 922 2568 918 2555 909 2542 891 2417 891 2198 891 2180 900 2167 913 2167 913 2163 913 2163 913 2163 913 2158 913 2158 913 2154 913 2154 913 2154 913 2078 900 2033 891 1989 896 1882 913 1882 913 1877 913 1877 913 1877 913 1873 913 1873 913 1868 913 1868 913 1846 896 1837 891 1833 896 1815 909 1815 909 1810 909 1810 909 1806 909 1806 909 1806 909 1801 909 1801 909 1685 891 1650 887 1641 891 1614 909 1610 909 1610 909 1610 909 1605 909 1605 909 1601 909 1601 909 1601 909 1596 909 1525 887 1516 887 1449 887 851 900 847 900 847 900 673 869"/></Shape>
	    <String CONTENT="Calagurium Populos Plinius Nascicos uocat. Ex Munstero,"
                    HPOS="673"
                    VPOS="798"
                    WIDTH="2475"
                    HEIGHT="124"></String>
          </TextLine>

          
          
          <TextLine ID="eSc_line_2005caee"
                    TAGREFS="LT85"
                    BASELINE="687 968 1025 993" 
                    HPOS="677"
                    VPOS="873"
                    WIDTH="344"
                    HEIGHT="125">
            <Shape><Polygon POINTS="686 967 682 891 820 873 820 873 825 873 825 873 829 873 829 873 829 873 833 873 833 873 869 905 874 909 1016 918 1021 989 1012 998 677 980"/></Shape>
	    <String CONTENT="Roberto"
                    HPOS="677"
                    VPOS="873"
                    WIDTH="344"
                    HEIGHT="125"></String>
          </TextLine>

          
          
          <TextLine ID="eSc_line_e7f8d99a"
                    TAGREFS="LT85"
                    BASELINE="451 1022 1662 1082 2830 1082 3153 1057" 
                    HPOS="445"
                    VPOS="936"
                    WIDTH="2703"
                    HEIGHT="191">
            <Shape><Polygon POINTS="450 1020 445 963 633 936 633 936 637 936 637 936 642 936 642 936 642 936 646 936 646 936 646 940 651 940 668 963 673 967 682 963 731 949 735 949 735 949 735 949 740 949 740 949 744 949 744 949 744 949 749 949 749 949 767 963 780 976 802 967 833 954 833 954 838 954 838 954 838 954 842 954 842 954 847 954 847 954 847 954 851 954 869 967 900 985 945 967 958 963 958 963 963 963 963 963 967 963 967 963 972 963 994 967 1065 985 1092 967 1110 958 1114 958 1114 958 1119 958 1119 958 1119 958 1123 958 1123 958 1128 958 1128 958 1128 958 1132 958 1132 958 1132 963 1141 971 1168 998 1476 998 1538 976 1583 958 1583 958 1587 958 1587 958 1587 958 1592 958 1592 958 1596 958 1596 958 1596 958 1601 958 1627 976 1667 1003 1846 1007 1882 980 1886 976 1886 976 1890 976 1890 976 1890 976 1895 976 1895 976 1899 976 1899 976 1899 976 1904 976 1904 976 1917 980 1989 1012 2024 980 2029 976 2029 976 2033 976 2033 976 2033 976 2038 976 2038 976 2042 976 2042 976 2042 976 2047 976 2047 976 2051 976 2060 980 2122 1020 2212 1020 2247 985 2252 985 2252 980 2252 980 2256 980 2256 980 2261 980 2261 980 2261 980 2265 980 2265 980 2265 980 2270 980 2270 980 2283 985 2328 1007 2345 985 2354 980 2354 976 2354 976 2359 976 2359 976 2359 976 2363 976 2363 976 2363 976 2368 976 2368 976 2372 976 2372 976 2372 976 2377 976 2377 976 2386 985 2421 1012 2448 985 2457 980 2457 976 2457 976 2461 976 2461 976 2461 976 2466 976 2466 976 2470 976 2470 976 2470 976 2475 976 2515 989 2626 1025 2827 1025 2872 994 2881 985 2885 985 2885 985 2885 985 2889 985 2889 985 2889 985 2894 985 3139 998 3148 1056 3139 1096 2925 1096 2921 1096 2889 1123 2889 1123 2885 1123 2885 1123 2885 1123 2881 1123 2881 1123 2876 1123 2876 1123 2876 1123 2872 1123 2778 1096 2742 1123 2742 1127 2742 1127 2738 1127 2738 1127 2733 1127 2733 1127 2733 1127 2729 1127 2729 1127 2461 1092 2457 1092 2452 1092 2332 1119 2332 1119 2332 1119 2328 1119 2328 1119 2328 1119 2323 1119 2323 1119 2323 1119 2274 1096 1302 1096 1297 1096 1119 1074 1061 1070 1007 1074 869 1087 869 1087 865 1087 865 1087 771 1070 637 1047 445 1065"/></Shape>
	    <String CONTENT="19 Calathe Insula prope Aphricam, Gaulos a Mela dicitur, a Plinio"
                    HPOS="445"
                    VPOS="936"
                    WIDTH="2703"
                    HEIGHT="191"></String>
          </TextLine>

          
          
          <TextLine ID="eSc_line_6778ca96"
                    TAGREFS="LT85"
                    BASELINE="691 1135 1309 1175 3119 1179" 
                    HPOS="677"
                    VPOS="1070"
                    WIDTH="2440"
                    HEIGHT="142">
            <Shape><Polygon POINTS="686 1132 686 1078 1039 1092 1070 1083 1110 1070 1114 1070 1114 1070 1114 1070 1119 1070 1119 1070 1123 1070 1123 1070 1123 1070 1155 1083 1195 1105 1262 1087 1302 1074 1306 1074 1306 1074 1306 1074 1311 1074 1311 1074 1315 1074 1315 1074 1315 1074 1320 1074 1337 1087 1369 1105 1467 1087 1511 1083 1511 1083 1516 1083 1516 1083 1516 1083 1520 1083 1520 1083 1538 1092 1569 1105 1592 1092 1618 1074 1623 1074 1623 1074 1623 1074 1627 1074 1627 1074 1632 1074 1632 1074 1632 1074 1636 1074 1636 1074 1641 1074 1641 1074 1663 1092 1681 1105 1703 1092 1734 1078 1734 1078 1734 1078 1739 1078 1739 1078 1743 1078 1743 1078 1743 1078 1748 1078 1748 1078 1748 1078 1752 1078 1752 1078 1752 1083 1766 1096 1783 1110 2109 1101 2265 1096 2270 1096 2412 1105 2622 1119 2684 1110 2814 1087 2814 1087 2818 1087 2818 1087 3112 1119 3117 1177 3112 1185 2997 1212 2997 1212 2997 1212 2992 1212 2992 1212 2988 1212 2988 1212 2921 1190 1235 1199 1230 1199 677 1163"/></Shape>
	    <String CONTENT="Galata, ab Ephoro Calathusa, quam Hecatæus in Europa"
                    HPOS="677"
                    VPOS="1070"
                    WIDTH="2440"
                    HEIGHT="142"></String>
          </TextLine>

          
          
          <TextLine ID="eSc_line_9f2ade7f"
                    TAGREFS="LT85"
                    BASELINE="672 1228 3173 1287" 
                    HPOS="664"
                    VPOS="1141"
                    WIDTH="2506"
                    HEIGHT="151">
            <Shape><Polygon POINTS="668 1226 664 1168 833 1141 833 1141 838 1141 838 1141 1025 1172 1061 1177 1088 1172 1213 1154 1213 1154 1217 1154 1217 1154 1217 1154 1222 1154 1222 1154 1222 1154 1226 1154 1226 1154 1248 1177 1257 1181 1342 1181 1627 1168 1632 1168 1632 1168 1636 1168 1636 1168 1636 1168 1641 1168 1663 1185 1676 1194 2042 1199 2060 1194 2118 1172 2118 1172 2122 1172 2122 1172 2127 1172 2127 1172 2127 1172 2131 1172 2207 1194 2238 1208 2426 1208 2439 1199 2466 1181 2470 1181 2470 1181 2470 1181 2475 1181 2475 1181 2475 1181 2479 1181 2479 1181 2484 1181 2484 1181 2546 1203 2564 1208 2613 1203 2782 1185 2782 1185 2787 1185 2787 1185 2930 1208 3001 1221 3166 1217 3170 1284 3162 1292 1824 1288 1824 1288 664 1239"/></Shape>
	    <String CONTENT="collocat. Cuius terra Scorpionem dirum animal Aphricæ ne¬"
                    HPOS="664"
                    VPOS="1141"
                    WIDTH="2506"
                    HEIGHT="151"></String>
          </TextLine>

          
          
          <TextLine ID="eSc_line_6b27f5e3"
                    TAGREFS="LT85"
                    BASELINE="721 1326 2192 1351" 
                    HPOS="713"
                    VPOS="1243"
                    WIDTH="1476"
                    HEIGHT="116">
            <Shape><Polygon POINTS="718 1324 713 1261 923 1243 923 1243 927 1243 927 1243 1074 1266 1083 1266 1092 1266 1204 1243 1204 1243 1204 1243 1208 1243 1208 1243 1213 1243 1213 1243 1213 1243 1217 1243 1253 1270 1257 1270 1275 1270 1431 1248 1431 1248 1436 1248 2185 1288 2189 1350 2180 1359 713 1337"/></Shape>
	    <String CONTENT="cat. Ex illis, Stephano, Munstero."
                    HPOS="713"
                    VPOS="1243"
                    WIDTH="1476"
                    HEIGHT="116"></String>
          </TextLine>

          
          
          <TextLine ID="eSc_line_9b76b5b4"
                    TAGREFS="LT85"
                    BASELINE="485 1386 1314 1405 3187 1429" 
                    HPOS="477"
                    VPOS="1306"
                    WIDTH="2707"
                    HEIGHT="165">
            <Shape><Polygon POINTS="481 1382 481 1306 740 1310 740 1310 740 1310 744 1310 744 1310 744 1310 816 1337 932 1315 963 1310 963 1310 963 1310 967 1310 967 1310 972 1310 972 1310 972 1310 976 1310 981 1315 1016 1337 1097 1319 1119 1315 1119 1315 1119 1315 1123 1315 1123 1315 1128 1315 1128 1315 1128 1315 1132 1315 1132 1315 1132 1319 1137 1319 1159 1346 1320 1346 1391 1324 1409 1319 1413 1319 1413 1319 1413 1319 1418 1319 1418 1319 1422 1319 1422 1319 1444 1328 1498 1346 1525 1328 1534 1319 1538 1319 1538 1319 1538 1319 1543 1319 1543 1319 1543 1319 1547 1319 1547 1319 1552 1319 1552 1319 1578 1328 1632 1350 2185 1341 2658 1337 2662 1337 2662 1337 2666 1337 2666 1337 2666 1337 2671 1337 2671 1337 2671 1341 2689 1355 2698 1364 2747 1355 2845 1341 2845 1341 2849 1341 2849 1341 2849 1341 2854 1341 2854 1341 2854 1341 2889 1359 2903 1368 3179 1368 3184 1426 3179 1435 2974 1462 2974 1462 2970 1462 2475 1431 2435 1462 2435 1466 2430 1466 2430 1466 2430 1466 2426 1466 2426 1466 2426 1471 2328 1471 2323 1466 2323 1466 2171 1440 2002 1462 2002 1462 1998 1462 1998 1462 1993 1462 1993 1462 1993 1462 1917 1426 1837 1457 1837 1457 1833 1457 1833 1457 1828 1457 1828 1457 1828 1457 1824 1457 1824 1457 1743 1426 1641 1457 1636 1457 1636 1457 1636 1457 1632 1457 1632 1457 1387 1422 1337 1453 1333 1453 1333 1453 1333 1453 1329 1453 1329 1453 1324 1453 1226 1448 1226 1448 1226 1448 1222 1448 1222 1448 1222 1448 1217 1448 1217 1448 1217 1444 1186 1417 941 1444 941 1444 936 1444 936 1444 932 1444 932 1444 932 1444 927 1444 927 1444 927 1440 905 1417 477 1399"/></Shape>
	    <String CONTENT="20 Calatia Italiæ opp. Caiazzo est in Aprutio. Ex Declaratione ur"
                    HPOS="477"
                    VPOS="1306"
                    WIDTH="2707"
                    HEIGHT="165"></String>
          </TextLine>

          
          
          <TextLine ID="eSc_line_47c02bb1"
                    TAGREFS="LT85"
                    BASELINE="721 1493 1250 1498" 
                    HPOS="713"
                    VPOS="1395"
                    WIDTH="535"
                    HEIGHT="111">
            <Shape><Polygon POINTS="718 1489 726 1395 776 1426 945 1426 958 1408 967 1404 967 1399 967 1399 972 1399 972 1399 972 1399 976 1399 976 1399 976 1399 981 1399 981 1399 985 1399 985 1399 985 1399 1016 1413 1043 1426 1061 1417 1092 1404 1092 1404 1097 1404 1097 1404 1097 1404 1101 1404 1101 1404 1244 1431 1248 1498 1239 1506 713 1502"/></Shape>
	    <String CONTENT="bium Italiæ."
                    HPOS="713"
                    VPOS="1395"
                    WIDTH="535"
                    HEIGHT="111"></String>
          </TextLine>

          
          
          <TextLine ID="eSc_line_163af19d"
                    TAGREFS="LT85"
                    BASELINE="490 1532 1403 1575 3040 1611" 
                    HPOS="477"
                    VPOS="1448"
                    WIDTH="2560"
                    HEIGHT="174">
            <Shape><Polygon POINTS="486 1529 486 1448 990 1493 1097 1471 1097 1471 1097 1471 1101 1471 1101 1471 1101 1471 1253 1498 1284 1475 1288 1475 1288 1475 1288 1475 1288 1475 1293 1475 1293 1475 1293 1475 1297 1475 1297 1475 1302 1475 1302 1475 1302 1475 1373 1502 1427 1480 1449 1471 1449 1471 1453 1471 1453 1471 1453 1471 1458 1471 1458 1471 1458 1471 1516 1484 1645 1511 1783 1493 1815 1489 1815 1489 1819 1489 1819 1489 1824 1489 1846 1493 1940 1520 2082 1502 2131 1498 2131 1498 2136 1498 2136 1498 2140 1498 2140 1498 2140 1498 2145 1498 2145 1498 2145 1502 2149 1506 2171 1529 2403 1529 2421 1515 2430 1506 2430 1502 2430 1502 2435 1502 2435 1502 2435 1502 2439 1502 2439 1502 2444 1502 2537 1502 2537 1502 2537 1502 2542 1502 2600 1520 2662 1542 2720 1542 2742 1524 2760 1511 2760 1511 2765 1511 2765 1511 2765 1511 2769 1511 2769 1511 2774 1511 2774 1511 3037 1538 3037 1609 3032 1618 2247 1622 2243 1622 477 1547"/></Shape>
	    <String CONTENT="21 Calatis Thraciæ Ciuitas, Aceruetis etiam dicta, ab alijs"
                    HPOS="477"
                    VPOS="1448"
                    WIDTH="2560"
                    HEIGHT="174"></String>
          </TextLine>

          
          
          <TextLine ID="eSc_line_0c3875e9"
                    TAGREFS="LT85"
                    BASELINE="721 1655 2364 1699" 
                    HPOS="713"
                    VPOS="1573"
                    WIDTH="1650"
                    HEIGHT="143">
            <Shape><Polygon POINTS="718 1654 718 1573 2363 1631 2363 1698 2359 1707 1708 1716 1703 1716 713 1667"/></Shape>
	    <String CONTENT="Callatia in Moesia. Ex Plinio, Ptolemæo."
                    HPOS="713"
                    VPOS="1573"
                    WIDTH="1650"
                    HEIGHT="143"></String>
          </TextLine>

          
          
          <TextLine ID="eSc_line_f0693314"
                    TAGREFS="LT85"
                    BASELINE="505 1714 1633 1780 3129 1792" 
                    HPOS="499"
                    VPOS="1640"
                    WIDTH="2627"
                    HEIGHT="201">
            <Shape><Polygon POINTS="503 1712 503 1640 1016 1685 1083 1658 1083 1658 1083 1658 1088 1658 1088 1658 1088 1658 1092 1658 1092 1658 1097 1658 1097 1658 1226 1698 1873 1707 1926 1685 1926 1685 1926 1685 1931 1685 1931 1685 1931 1685 1935 1685 1935 1685 1935 1685 1940 1685 1940 1685 1940 1685 1940 1685 1944 1685 1980 1712 2020 1689 2020 1685 2024 1685 2024 1685 2029 1685 2029 1685 2029 1685 2033 1685 2033 1685 2038 1685 2038 1685 2038 1685 2042 1685 2042 1685 2042 1689 2082 1716 2229 1694 2243 1694 2243 1694 2247 1694 2247 1694 2252 1694 2261 1694 2363 1720 2390 1698 2408 1685 2408 1685 2412 1685 2412 1685 2412 1685 2417 1685 2417 1685 2421 1685 2421 1685 2421 1685 2515 1703 2604 1725 2827 1729 2858 1716 2894 1698 2894 1698 2894 1698 2898 1698 2898 1698 2903 1698 2903 1698 2903 1698 2907 1698 2907 1698 2912 1698 2939 1716 2956 1725 2965 1716 2979 1707 2979 1703 2979 1703 2983 1703 2983 1703 2983 1703 2988 1703 2988 1703 2988 1703 2992 1703 2992 1703 3126 1725 3126 1787 3126 1801 2988 1841 2983 1841 2983 1841 2979 1841 2979 1841 2979 1841 2974 1841 2974 1841 2970 1841 2970 1841 2970 1836 2970 1836 2934 1796 2591 1796 2506 1827 2506 1827 2501 1827 2501 1827 2497 1827 2497 1827 2497 1827 2493 1827 2399 1796 2336 1823 2336 1823 2332 1823 2332 1823 2332 1823 2328 1823 2328 1823 2328 1823 2323 1823 2247 1801 1578 1805 1574 1805 1311 1774 1195 1796 1195 1796 1195 1796 1190 1796 1190 1796 1190 1796 1186 1796 1186 1796 1106 1761 958 1783 958 1783 954 1783 954 1783 954 1783 949 1783 833 1747 499 1738"/></Shape>
	    <String CONTENT="22 Calatum Brigantum opp. in Britannia, chiptonum est. Ex"
                    HPOS="499"
                    VPOS="1640"
                    WIDTH="2627"
                    HEIGHT="201"></String>
          </TextLine>

          
          
          <TextLine ID="eSc_line_4703829a"
                    TAGREFS="LT85"
                    BASELINE="716 1821 981 1836" 
                    HPOS="691"
                    VPOS="1725"
                    WIDTH="285"
                    HEIGHT="138">
            <Shape><Polygon POINTS="713 1819 713 1725 976 1769 976 1832 972 1841 735 1863 731 1863 731 1863 731 1863 726 1863 726 1863 726 1863 722 1863 722 1863 722 1859 718 1859 691 1827"/></Shape>
	    <String CONTENT="Iouio"
                    HPOS="691"
                    VPOS="1725"
                    WIDTH="285"
                    HEIGHT="138"></String>
          </TextLine>

          
          
          <TextLine ID="eSc_line_822c486e"
                    TAGREFS="LT85"
                    BASELINE="535 1892 2613 1934 3166 1927" 
                    HPOS="526"
                    VPOS="1801"
                    WIDTH="2636"
                    HEIGHT="165">
            <Shape><Polygon POINTS="530 1890 526 1827 776 1801 776 1801 780 1801 780 1801 784 1801 784 1801 865 1832 874 1836 1320 1836 1320 1836 1355 1810 1355 1810 1360 1810 1360 1810 1360 1810 1364 1810 1364 1810 1369 1810 1369 1810 1369 1810 1373 1810 1373 1810 1378 1810 1378 1810 1378 1814 1382 1814 1400 1841 1404 1841 1413 1841 1538 1814 1538 1814 1538 1814 1543 1814 1543 1814 1547 1814 1547 1814 1623 1841 1636 1845 1667 1841 1886 1819 1886 1819 1890 1819 1890 1819 2149 1850 2189 1854 2216 1850 2350 1827 2350 1827 2354 1827 2354 1827 2354 1827 2359 1827 2359 1827 2359 1827 2403 1850 2457 1832 2461 1832 2461 1832 2461 1832 2466 1832 2466 1832 2470 1832 2470 1832 2470 1832 2475 1832 2475 1832 2475 1836 2497 1854 2501 1859 2586 1859 3063 1841 3068 1841 3068 1841 3072 1841 3162 1868 3162 1926 3162 1939 3112 1966 3112 1966 3112 1966 3108 1966 3108 1966 3108 1966 3104 1966 3104 1966 2898 1934 1761 1926 1641 1948 1641 1948 1641 1948 1636 1948 1636 1948 1632 1948 1632 1948 1632 1948 1627 1948 1627 1948 1627 1943 1623 1943 1610 1926 1382 1943 1378 1943 526 1903"/></Shape>
	    <String CONTENT="23 Calauria parua Insula 30 Stadiorum circuitu, contra Tro¬"
                    HPOS="526"
                    VPOS="1801"
                    WIDTH="2636"
                    HEIGHT="165"></String>
          </TextLine>

          
          
          <TextLine ID="eSc_line_ebff668c"
                    TAGREFS="LT85"
                    BASELINE="735 2009 3166 2056" 
                    HPOS="726"
                    VPOS="1912"
                    WIDTH="2436"
                    HEIGHT="152">
            <Shape><Polygon POINTS="731 2006 731 1934 1213 1948 1226 1943 1271 1912 1275 1912 1275 1912 1275 1912 1279 1912 1279 1912 1284 1912 1284 1912 1284 1912 1288 1912 1288 1912 1288 1912 1293 1912 1293 1912 1293 1917 1324 1948 1329 1952 1877 1961 1882 1957 1913 1930 1913 1926 1913 1926 1917 1926 1917 1926 1917 1926 1922 1926 1922 1926 1922 1926 1926 1926 2336 1952 2479 1934 2479 1934 2484 1934 2484 1934 2484 1934 2488 1934 2488 1934 2493 1934 2493 1934 2493 1939 2497 1939 2519 1966 2644 1939 2644 1939 2644 1939 2649 1939 2649 1939 2956 1983 2974 1983 2983 1983 3072 1957 3077 1957 3077 1957 3077 1957 3081 1957 3081 1957 3086 1957 3086 1957 3162 1988 3162 2055 3153 2064 726 2019"/></Shape>
	    <String CONTENT="zenem, et ab ea quatuor ſtadijs distans, uocata a Ca"
                    HPOS="726"
                    VPOS="1912"
                    WIDTH="2436"
                    HEIGHT="152"></String>
          </TextLine>

          
          
          <TextLine ID="eSc_line_9b7a4128"
                    TAGREFS="LT85"
                    BASELINE="735 2097 3195 2139" 
                    HPOS="726"
                    VPOS="2010"
                    WIDTH="2471"
                    HEIGHT="134">
            <Shape><Polygon POINTS="731 2095 731 2015 1395 2041 1436 2028 1489 2010 1494 2010 1494 2010 1494 2010 1498 2010 1498 2010 1498 2010 1502 2010 1502 2010 1507 2010 1543 2033 1569 2050 1654 2050 1667 2037 1685 2019 1685 2015 1685 2015 1690 2015 1690 2015 1690 2015 1694 2015 1694 2015 1699 2015 1699 2015 1699 2015 1703 2015 1775 2037 1801 2046 1815 2037 1855 2019 1855 2019 1855 2019 1859 2019 1859 2019 1859 2019 1864 2019 1864 2019 1868 2019 1868 2019 1868 2019 1873 2019 1873 2019 1873 2024 1890 2041 1904 2050 1948 2041 2073 2019 2073 2019 2078 2019 2078 2019 2078 2019 2082 2019 2082 2019 2149 2046 2171 2055 2194 2046 2261 2024 2265 2024 2265 2024 2265 2024 2270 2024 2270 2024 2270 2024 2274 2024 2274 2024 2278 2024 2310 2046 2332 2024 2332 2024 2336 2024 2336 2024 2336 2024 2341 2024 2341 2024 2341 2024 2345 2024 2345 2024 2484 2046 2546 2028 2551 2028 2551 2028 2551 2028 2555 2028 2555 2028 2559 2028 2559 2028 2559 2028 2564 2028 2564 2028 2564 2033 2591 2059 2595 2059 2604 2059 2729 2033 2729 2033 2729 2033 2733 2033 2733 2033 2992 2068 3014 2068 3019 2068 3099 2037 3099 2037 3104 2037 3104 2037 3108 2037 3108 2037 3108 2037 3112 2037 3112 2037 3197 2073 3193 2135 3184 2144 726 2108"/></Shape>
	    <String CONTENT="Iauro Neptum filio, ab Anticlide Calabria dicta, et El"
                    HPOS="726"
                    VPOS="2010"
                    WIDTH="2471"
                    HEIGHT="134"></String>
          </TextLine>

          
          
          <TextLine ID="eSc_line_2463227d"
                    TAGREFS="LT85"
                    BASELINE="747 2192 1624 2223 1624 2223 3207 2227" 
                    HPOS="735"
                    VPOS="2113"
                    WIDTH="2471"
                    HEIGHT="138">
            <Shape><Polygon POINTS="744 2189 744 2122 1239 2144 1279 2131 1320 2113 1320 2113 1324 2113 1324 2113 1324 2113 1329 2113 1329 2113 1333 2113 1333 2113 1333 2113 1337 2113 1337 2113 1337 2117 1355 2131 1369 2148 1667 2148 1681 2135 1699 2122 1699 2117 1699 2117 1703 2117 1703 2117 1703 2117 1708 2117 1708 2117 1712 2117 1712 2117 1712 2117 1717 2117 1788 2140 1810 2144 1828 2140 1904 2117 1908 2117 1908 2117 1908 2117 1913 2117 1913 2117 1917 2117 1917 2117 1917 2117 1922 2117 1922 2117 1922 2122 1944 2140 1953 2153 2033 2153 2069 2144 2127 2126 2131 2126 2131 2126 2131 2126 2136 2126 2136 2126 2252 2148 2270 2148 2287 2148 2444 2126 2444 2126 2448 2126 2448 2126 2448 2126 2577 2153 2609 2157 2635 2153 2782 2126 2782 2126 2782 2126 2787 2126 2787 2126 2791 2126 2791 2126 2791 2126 2796 2126 2796 2126 2832 2157 2836 2162 2845 2157 2916 2131 2916 2131 2921 2131 2921 2131 2925 2131 2925 2131 3202 2166 3206 2224 3197 2251 735 2211"/></Shape>
	    <String CONTENT="rene, nunc dicitur Turrinus, Demosthenis obitu illusoris."
                    HPOS="735"
                    VPOS="2113"
                    WIDTH="2471"
                    HEIGHT="138"></String>
          </TextLine>

          
          
          <TextLine ID="eSc_line_22fbf116"
                    TAGREFS="LT85"
                    BASELINE="730 2315 2012 2314 3078 2333" 
                    HPOS="713"
                    VPOS="2206"
                    WIDTH="2364"
                    HEIGHT="134">
            <Shape><Polygon POINTS="726 2313 713 2247 749 2211 749 2206 749 2206 753 2206 753 2206 753 2206 758 2206 758 2206 762 2206 762 2206 1007 2238 1195 2211 1195 2211 1199 2211 1199 2211 1199 2211 1204 2211 1204 2211 1204 2211 1208 2211 1208 2211 1208 2215 1239 2247 1364 2247 1395 2215 1395 2211 1395 2211 1400 2211 1400 2211 1400 2211 1404 2211 1404 2211 1409 2211 1409 2211 1409 2211 1413 2211 1413 2211 1413 2211 1476 2247 1623 2247 1685 2211 1685 2211 1685 2211 1690 2211 1690 2211 1690 2211 1694 2211 1694 2211 1694 2211 1699 2211 1699 2211 1699 2211 1703 2211 1739 2238 1850 2215 1850 2215 1850 2215 1855 2215 1855 2215 1859 2215 1859 2215 1859 2215 1864 2215 1864 2215 1904 2251 2029 2251 2078 2215 2082 2215 2082 2215 2082 2215 2087 2215 2087 2215 2087 2215 2091 2215 2091 2215 2096 2215 2096 2215 2096 2215 2163 2247 2247 2215 2247 2215 2252 2215 2252 2215 2256 2215 2256 2215 2501 2251 2510 2251 2510 2251 2555 2220 2559 2220 2559 2220 2559 2220 2564 2220 2564 2220 2568 2220 2568 2220 2568 2220 2711 2251 2711 2251 2716 2251 2809 2224 2814 2224 2814 2224 2818 2224 2818 2224 3072 2255 3077 2331 3068 2340 718 2327"/></Shape>
	    <String CONTENT="Aliqui credunt hanc Insulam ab Homero dici Eïonas."
                    HPOS="713"
                    VPOS="2206"
                    WIDTH="2364"
                    HEIGHT="134"></String>
          </TextLine>

          
          
          <TextLine ID="eSc_line_df2f0841"
                    TAGREFS="LT85"
                    BASELINE="736 2409 3154 2409" 
                    HPOS="726"
                    VPOS="2313"
                    WIDTH="2427"
                    HEIGHT="121">
            <Shape><Polygon POINTS="735 2407 726 2349 820 2313 820 2313 825 2313 825 2313 829 2313 829 2313 829 2313 833 2313 833 2313 900 2345 932 2318 932 2313 932 2313 936 2313 936 2313 941 2313 941 2313 941 2313 945 2313 945 2313 949 2313 949 2313 1021 2340 1056 2313 1061 2313 1061 2313 1061 2313 1065 2313 1065 2313 1070 2313 1275 2313 1275 2313 1275 2313 1279 2313 1279 2313 1364 2345 1404 2313 1404 2313 1409 2313 1409 2313 1413 2313 1413 2313 1413 2313 1418 2313 1418 2313 1422 2313 1543 2349 1712 2349 1748 2318 1748 2313 1748 2313 1752 2313 1752 2313 1757 2313 1757 2313 1757 2313 1761 2313 1761 2313 1766 2313 1766 2313 1766 2313 1828 2349 1913 2349 1957 2313 1957 2313 1962 2313 1962 2313 1966 2313 1966 2313 1971 2313 2051 2313 2051 2313 2051 2313 2055 2313 2055 2313 2055 2313 2060 2313 2060 2313 2060 2318 2091 2349 2412 2349 2475 2318 2475 2318 2479 2318 2479 2318 2479 2318 2484 2318 2484 2318 2488 2318 2488 2318 2555 2345 2582 2318 2582 2313 2582 2313 2586 2313 2586 2313 2586 2313 2591 2313 2591 2313 2595 2313 2595 2313 2849 2345 2916 2313 2916 2313 2916 2313 2921 2313 2921 2313 2925 2313 2925 2313 2925 2313 2930 2313 2930 2313 2930 2313 2934 2313 2934 2313 2934 2318 2965 2349 3153 2349 3153 2407 3148 2434 731 2420"/></Shape>
	    <String CONTENT="Sed Eustathius fatetur ſe mundum inuenisse Iocum hunc,"
                    HPOS="726"
                    VPOS="2313"
                    WIDTH="2427"
                    HEIGHT="121"></String>
          </TextLine>

          
          
          <TextLine ID="eSc_line_5ac6a0d0"
                    TAGREFS="LT85"
                    BASELINE="736 2486 2572 2519 3254 2557" 
                    HPOS="722"
                    VPOS="2403"
                    WIDTH="2529"
                    HEIGHT="173">
            <Shape><Polygon POINTS="735 2483 731 2420 1382 2411 1387 2411 1387 2411 1449 2425 1502 2434 1525 2425 1556 2411 1556 2411 1560 2411 1560 2411 1560 2411 1565 2411 1565 2411 1565 2411 1569 2411 1569 2411 1574 2411 1592 2425 1614 2438 1632 2425 1663 2403 1667 2403 1667 2403 1667 2403 1672 2403 1672 2403 1672 2403 1676 2403 1676 2403 1681 2403 1681 2403 1681 2403 1730 2425 1766 2443 1886 2425 1971 2416 1971 2416 1975 2416 1975 2416 1980 2416 1980 2416 1980 2416 1984 2416 1984 2416 1998 2429 2020 2447 2501 2461 2542 2434 2546 2425 2546 2425 2551 2425 2551 2425 2551 2425 2555 2425 2555 2425 2559 2425 2733 2429 2733 2429 2733 2429 2738 2429 2738 2429 2738 2429 2742 2429 2747 2434 2778 2456 2863 2434 2885 2429 2889 2429 2889 2429 2894 2429 2894 2429 2894 2429 2898 2429 2898 2429 2912 2434 2961 2452 3023 2434 3032 2434 3037 2434 3037 2434 3041 2434 3041 2434 3046 2434 3046 2434 3046 2434 3050 2434 3130 2474 3242 2438 3251 2554 3242 2576 2680 2536 2573 2559 2533 2563 2533 2563 2533 2563 2528 2563 2528 2563 2524 2563 2524 2563 2524 2563 2519 2563 2519 2563 2510 2554 2479 2532 2368 2550 2301 2559 2301 2559 2296 2559 2296 2559 2296 2559 2207 2545 2078 2523 1770 2532 1507 2536 1502 2536 1502 2536 1502 2536 1498 2536 1498 2536 1494 2536 1494 2536 1494 2536 1476 2518 1467 2510 1431 2518 1369 2536 1364 2536 1364 2536 1360 2536 1360 2536 1360 2536 1355 2536 1355 2536 1355 2536 1351 2536 1351 2536 1329 2514 1324 2514 1306 2514 1186 2527 1186 2527 1181 2527 1181 2527 1177 2527 1177 2527 1177 2527 1172 2527 1172 2527 1155 2510 1146 2501 896 2501 883 2501 780 2523 780 2523 780 2523 776 2523 776 2523 771 2523 771 2523 771 2523 767 2523 722 2496"/></Shape>
	    <String CONTENT="quoniam Strabo ſcribit Eïonas pagum fuisse desolatum"
                    HPOS="722"
                    VPOS="2403"
                    WIDTH="2529"
                    HEIGHT="173"></String>
          </TextLine>

          
          
          <TextLine ID="eSc_line_23741bd4"
                    TAGREFS="LT85"
                    BASELINE="730 2604 3183 2651" 
                    HPOS="722"
                    VPOS="2510"
                    WIDTH="2457"
                    HEIGHT="147">
            <Shape><Polygon POINTS="726 2603 722 2536 958 2510 958 2510 963 2510 963 2510 967 2510 967 2510 967 2510 972 2510 1016 2541 1021 2545 1279 2545 1297 2545 1449 2518 1449 2518 1453 2518 1453 2518 1453 2518 1458 2518 1458 2518 1462 2518 1462 2518 1462 2523 1462 2523 1467 2523 1480 2545 1516 2523 1520 2523 1520 2523 1520 2523 1525 2523 1525 2523 1529 2523 1529 2523 1529 2523 1534 2523 1623 2550 1623 2550 1627 2550 1699 2523 1699 2523 1703 2523 1703 2523 1708 2523 1708 2523 1708 2523 1712 2523 1806 2550 1899 2527 1904 2527 1904 2527 1908 2527 1908 2527 1908 2527 1913 2527 1913 2527 1980 2559 1984 2559 1989 2559 2069 2532 2073 2532 2073 2532 2073 2532 2078 2532 2078 2532 2082 2532 2082 2532 2082 2532 2087 2532 2087 2532 2087 2536 2091 2536 2109 2559 2109 2563 2194 2563 2225 2563 2439 2536 2439 2536 2444 2536 2444 2536 2693 2572 2724 2576 3175 2581 3179 2648 3170 2657 722 2617"/></Shape>
	    <String CONTENT="a Mycenæis, uel ab Atheniensibus in ſtatione nauium"
                    HPOS="722"
                    VPOS="2510"
                    WIDTH="2457"
                    HEIGHT="147"></String>
          </TextLine>

          
          
          <TextLine ID="eSc_line_4a753cf0"
                    TAGREFS="LT85"
                    BASELINE="765 2686 3219 2745" 
                    HPOS="758"
                    VPOS="2599"
                    WIDTH="2457"
                    HEIGHT="151">
            <Shape><Polygon POINTS="762 2683 762 2608 1070 2625 1092 2617 1128 2599 1128 2599 1128 2599 1132 2599 1132 2599 1137 2599 1137 2599 1137 2599 1141 2599 1141 2599 1146 2599 1146 2599 1146 2603 1164 2617 1181 2634 1329 2634 1444 2625 1605 2612 1605 2612 1610 2612 1610 2612 1614 2612 1614 2612 1672 2630 1703 2643 1730 2634 1775 2617 1775 2617 1779 2617 1779 2617 1779 2617 1783 2617 1783 2617 1788 2617 1788 2617 1846 2639 1855 2639 1868 2639 1962 2621 1962 2621 1966 2621 1966 2621 1966 2621 1971 2621 1971 2621 1975 2621 2006 2643 2020 2648 2055 2643 2149 2630 2149 2630 2154 2630 2154 2630 2154 2630 2243 2648 2283 2657 2314 2652 2408 2630 2408 2630 2408 2630 2412 2630 2412 2630 2412 2630 2417 2630 2417 2630 2421 2630 2421 2630 2452 2657 2461 2661 2501 2657 2644 2634 2644 2634 2649 2634 2649 2634 2649 2634 2818 2666 2854 2670 2876 2666 3019 2643 3019 2643 3023 2643 3023 2643 3023 2643 3215 2679 3215 2741 3206 2750 758 2697"/></Shape>
	    <String CONTENT="exiſtentibus. Ex illis, Plinio, Plutarcho, Stephano, Sabellico."
                    HPOS="758"
                    VPOS="2599"
                    WIDTH="2457"
                    HEIGHT="151"></String>
          </TextLine>

          
          
          <TextLine ID="eSc_line_b8e08aff"
                    TAGREFS="LT85"
                    BASELINE="494 2721 1365 2783 3066 2851" 
                    HPOS="486"
                    VPOS="2648"
                    WIDTH="2577"
                    HEIGHT="227">
            <Shape><Polygon POINTS="490 2719 486 2661 695 2648 700 2648 700 2648 700 2648 860 2679 918 2688 945 2683 1003 2666 1007 2666 1007 2666 1007 2666 1012 2666 1012 2666 1016 2666 1016 2666 1016 2666 1021 2666 1021 2666 1021 2670 1025 2670 1039 2688 1043 2697 1208 2701 1226 2697 1293 2675 1297 2675 1297 2675 1297 2675 1302 2675 1302 2675 1302 2675 1462 2710 1498 2715 1511 2710 1574 2688 1574 2688 1578 2688 1578 2688 1583 2688 1583 2688 1583 2688 1587 2688 1587 2688 1587 2688 1592 2688 1592 2688 1592 2692 1618 2715 1618 2719 1623 2715 1681 2692 1681 2692 1685 2692 1685 2692 1685 2692 1690 2692 1690 2692 1694 2692 1694 2692 1694 2692 1699 2692 1699 2692 1699 2697 1703 2697 1721 2719 1725 2728 1998 2737 2029 2737 2270 2719 2274 2719 2274 2719 2274 2719 2466 2759 2470 2759 2470 2759 2497 2737 2497 2732 2497 2732 2501 2732 2501 2732 2501 2732 2506 2732 2506 2732 2506 2732 2510 2732 2510 2732 2515 2732 2640 2764 2671 2741 2675 2741 2675 2741 2675 2741 2680 2741 2680 2741 2684 2741 2854 2746 2854 2746 2854 2746 3063 2790 3063 2848 3059 2857 2836 2853 2782 2875 2782 2875 2778 2875 2778 2875 2778 2875 2774 2875 2774 2875 2769 2875 2769 2875 2769 2875 2765 2875 2765 2875 2765 2871 2760 2871 2742 2844 1998 2839 1998 2839 486 2741"/></Shape>
	    <String CONTENT="24 Calbius Lyciæ fons, Calænus potea dictus. Ex Stephano"
                    HPOS="486"
                    VPOS="2648"
                    WIDTH="2577"
                    HEIGHT="227"></String>
          </TextLine>

          
          
          <TextLine ID="eSc_line_64273623"
                    TAGREFS="LT85"
                    BASELINE="541 2810 3183 2945" 
                    HPOS="535"
                    VPOS="2724"
                    WIDTH="2644"
                    HEIGHT="236">
            <Shape><Polygon POINTS="539 2808 539 2724 900 2764 1097 2755 1128 2755 1132 2755 1132 2755 1132 2755 1137 2755 1137 2755 1137 2755 1141 2755 1141 2755 1141 2759 1168 2782 1511 2795 1569 2782 1592 2777 1596 2777 1596 2777 1601 2777 1601 2777 1601 2777 1605 2777 1605 2777 1610 2777 1610 2777 1618 2786 1641 2799 1806 2795 1926 2795 1931 2795 1931 2795 1935 2795 1935 2795 1935 2795 1940 2795 1940 2795 1940 2799 1948 2804 1962 2822 2194 2822 2452 2822 2452 2822 3175 2880 3179 2942 3175 2955 2787 2938 2782 2938 2747 2960 2742 2960 2742 2960 2738 2960 2738 2960 2738 2960 2733 2960 2733 2960 2729 2960 2729 2960 2653 2933 2644 2924 2296 2911 2292 2911 2252 2933 2252 2933 2252 2933 2247 2933 2247 2933 2247 2933 2243 2933 2029 2924 2029 2924 2029 2924 1882 2893 1877 2893 1877 2893 1775 2911 1775 2911 1775 2911 1770 2911 1770 2911 1587 2875 1569 2875 1565 2875 1511 2897 1511 2897 1507 2897 1507 2897 1507 2897 1502 2897 1502 2897 1498 2897 1391 2866 1387 2866 1382 2866 1333 2889 1333 2889 1329 2889 1329 2889 1329 2889 1324 2889 1324 2889 1324 2889 1168 2857 1150 2853 1141 2853 1074 2875 1070 2875 1070 2875 1070 2875 1065 2875 535 2822"/></Shape>
	    <String CONTENT="25 Calerius fluuius in piceno, Vayanus uocatur. Ex Declara"
                    HPOS="535"
                    VPOS="2724"
                    WIDTH="2644"
                    HEIGHT="236"></String>
          </TextLine>

          
          
          <TextLine ID="eSc_line_5454b1dd"
                    TAGREFS="LT85"
                    BASELINE="777 2904 1701 2951" 
                    HPOS="767"
                    VPOS="2817"
                    WIDTH="936"
                    HEIGHT="138">
            <Shape><Polygon POINTS="776 2902 776 2817 1511 2875 1534 2871 1596 2853 1601 2853 1601 2853 1605 2853 1605 2853 1605 2853 1610 2853 1703 2884 1699 2946 1690 2955 767 2915"/></Shape>
	    <String CONTENT="tione urbium Italiæ."
                    HPOS="767"
                    VPOS="2817"
                    WIDTH="936"
                    HEIGHT="138"></String>
          </TextLine>

          
          
          <TextLine ID="eSc_line_4c67fa48"
                    TAGREFS="LT85"
                    BASELINE="553 2957 924 3002 2084 3050 3201 3080" 
                    HPOS="539"
                    VPOS="2875"
                    WIDTH="2663"
                    HEIGHT="214">
            <Shape><Polygon POINTS="548 2955 548 2875 726 2875 726 2875 726 2875 731 2875 731 2875 731 2875 735 2875 735 2875 735 2880 740 2880 740 2884 758 2902 789 2884 798 2880 802 2880 802 2880 807 2880 807 2880 807 2880 811 2880 811 2880 811 2880 816 2880 816 2880 816 2880 829 2889 909 2933 954 2902 958 2902 958 2902 958 2902 963 2902 963 2902 967 2902 967 2902 967 2902 972 2902 1097 2942 1373 2951 1404 2929 1404 2929 1409 2929 1409 2929 1413 2929 1413 2929 1413 2929 1418 2929 1418 2929 1422 2929 1422 2929 1422 2929 1427 2929 1427 2929 1427 2933 1431 2933 1449 2960 1743 2964 1779 2938 1779 2938 1783 2938 1783 2938 1783 2938 1788 2938 1788 2938 1792 2938 1792 2938 1792 2938 1797 2938 1797 2938 1850 2960 1873 2938 1895 2920 1895 2920 1899 2920 1899 2920 1899 2920 1904 2920 1904 2920 1904 2920 1908 2920 1908 2920 1913 2920 1913 2920 1913 2920 1917 2920 1917 2920 1917 2924 1940 2942 1962 2964 2002 2946 2002 2942 2006 2942 2006 2942 2011 2942 2011 2942 2011 2942 2015 2942 2015 2942 2015 2942 2020 2942 2033 2946 2149 2987 2363 2987 2417 2964 2466 2946 2466 2946 2470 2946 2470 2946 2470 2946 2475 2946 2475 2946 2479 2946 2479 2946 2479 2946 2484 2946 2519 2969 2564 2996 2684 2978 2845 2955 2845 2955 2849 2955 2849 2955 2849 2955 2854 2955 2854 2955 2943 2991 2997 3013 3041 2996 3104 2969 3104 2969 3108 2969 3108 2969 3108 2969 3112 2969 3112 2969 3117 2969 3117 2969 3202 3004 3197 3076 3197 3085 2377 3089 2372 3089 1288 3027 1123 3040 1123 3040 1119 3040 1119 3040 1114 3040 1114 3040 1114 3040 1110 3040 1110 3040 1083 3018 847 3031 842 3031 842 3031 842 3031 838 3031 838 3031 838 3031 833 3031 833 3031 793 3000 793 2996 539 2987"/></Shape>
	    <String CONTENT="26 Cales Campaniæ opp. a Calai Boreæ filio conditum, ab"
                    HPOS="539"
                    VPOS="2875"
                    WIDTH="2663"
                    HEIGHT="214"></String>
          </TextLine>

          
          
          <TextLine ID="eSc_line_a67ed3be"
                    TAGREFS="LT85"
                    BASELINE="741 3086 3201 3192" 
                    HPOS="731"
                    VPOS="3000"
                    WIDTH="2466"
                    HEIGHT="196">
            <Shape><Polygon POINTS="740 3085 735 3013 1065 3000 1070 3000 1070 3000 1070 3000 1074 3000 1172 3031 1190 3036 1204 3031 1266 3009 1266 3009 1271 3009 1271 3009 1275 3009 1275 3009 1275 3009 1279 3009 1360 3036 1489 3018 1489 3018 1494 3018 1494 3018 1494 3018 1498 3018 1498 3018 1502 3018 1502 3018 1502 3022 1507 3022 1525 3045 1529 3053 1712 3058 1770 3058 2011 3040 2015 3040 2015 3040 2015 3040 2020 3040 2020 3040 2020 3040 2024 3040 2024 3040 2024 3045 2029 3045 2042 3062 2082 3045 2082 3045 2087 3045 2087 3045 2087 3045 2091 3045 2091 3045 2096 3045 2096 3045 2096 3045 2100 3045 2140 3071 2149 3080 2350 3085 2368 3080 2452 3058 2457 3058 2457 3058 2461 3058 2461 3058 2461 3058 2466 3058 2559 3089 2573 3098 2814 3103 2818 3103 2881 3076 2881 3076 2885 3076 2885 3076 2885 3076 2889 3076 2889 3076 3193 3120 3197 3187 3188 3196 731 3107"/></Shape>
	    <String CONTENT="Ausonibus habitatum, Caleſia appellatum a Dionysio"
                    HPOS="731"
                    VPOS="3000"
                    WIDTH="2466"
                    HEIGHT="196"></String>
          </TextLine>

          
          
          <TextLine ID="eSc_line_b43ebab7"
                    TAGREFS="LT85"
                    BASELINE="753 3180 1489 3193 2748 3273 3172 3292" 
                    HPOS="735"
                    VPOS="3080"
                    WIDTH="2435"
                    HEIGHT="268">
            <Shape><Polygon POINTS="749 3178 735 3107 767 3080 767 3080 771 3080 771 3080 771 3080 776 3080 776 3080 776 3080 780 3080 780 3080 1003 3116 1168 3098 1168 3098 1172 3098 1962 3169 2136 3174 2189 3152 2189 3152 2194 3152 2194 3152 2194 3152 2198 3152 2198 3152 2203 3152 2203 3152 2203 3152 2207 3152 2207 3152 2238 3178 2278 3156 2278 3156 2278 3156 2283 3156 2283 3156 2283 3156 2287 3156 2287 3156 2292 3156 2292 3156 2292 3156 2296 3156 2296 3156 2296 3160 2301 3160 2314 3183 2488 3192 2564 3196 2573 3196 2693 3178 2693 3178 2698 3178 2698 3178 2698 3178 2702 3178 2702 3178 2707 3178 2707 3178 2738 3205 2742 3205 2756 3205 2997 3192 3001 3192 3001 3192 3001 3192 3166 3227 3170 3290 3162 3348 2903 3339 2903 3339 2903 3339 2898 3339 2898 3339 2881 3330 2787 3285 2716 3308 2711 3308 2711 3308 2711 3308 2707 3308 2707 3308 2702 3308 2555 3272 2319 3281 2314 3281 2314 3281 2310 3281 2310 3281 2310 3281 2305 3281 2305 3281 2305 3276 2301 3276 2287 3254 2145 3254 2105 3281 2100 3281 2100 3281 2100 3281 2100 3281 2096 3281 2096 3281 2096 3281 2091 3281 2091 3281 2091 3281 2087 3281 2087 3281 2082 3281 2082 3281 2082 3281 2082 3281 2051 3250 1850 3232 1766 3232 1730 3259 1717 3267 1717 3267 1712 3267 1712 3267 1708 3267 1708 3267 1708 3267 1703 3267 1703 3267 1703 3267 1699 3267 1699 3267 1694 3267 1694 3267 1694 3263 1694 3263 1685 3254 1654 3223 1511 3201 1048 3196 1003 3210 954 3227 949 3227 949 3227 949 3227 945 3227 945 3227 945 3227 941 3227 941 3227 936 3227 936 3227 936 3223 914 3205 900 3196 749 3196"/></Shape>
	    <String CONTENT="in quintodecimo antiquitatum, Calenum eſt, et uulgo"
                    HPOS="735"
                    VPOS="3080"
                    WIDTH="2435"
                    HEIGHT="268"></String>
          </TextLine>

          
          
          <TextLine ID="eSc_line_b068c6ca"
                    TAGREFS="LT85"
                    BASELINE="771 3280 2484 3349 3242 3422" 
                    HPOS="758"
                    VPOS="3187"
                    WIDTH="2479"
                    HEIGHT="232">
            <Shape><Polygon POINTS="767 3276 767 3196 1056 3214 1074 3210 1137 3187 1141 3187 1141 3187 1141 3187 1146 3187 1146 3187 1150 3187 1150 3187 1150 3187 1208 3214 1235 3227 1288 3218 1400 3201 1400 3201 1404 3201 1404 3201 1404 3201 1409 3201 1409 3201 1413 3201 1413 3201 1413 3205 1413 3205 1436 3227 1444 3236 1476 3227 1560 3210 1560 3210 1560 3210 1565 3210 1565 3210 1569 3210 1569 3210 1641 3236 1676 3250 1766 3241 1935 3227 1935 3227 1940 3227 1940 3227 1944 3227 1944 3227 1944 3227 2002 3254 2033 3267 2091 3259 2198 3241 2198 3241 2203 3241 2203 3241 2203 3241 2207 3241 2207 3241 2270 3267 2305 3285 2390 3285 2403 3272 2421 3259 2421 3259 2421 3259 2426 3259 2426 3259 2430 3259 2430 3259 2430 3259 2435 3259 2435 3259 2435 3259 2439 3259 2439 3259 2444 3259 2444 3259 2466 3276 2488 3294 2680 3299 2698 3290 2724 3267 2724 3267 2729 3267 2729 3267 2733 3267 2733 3267 2733 3267 2738 3267 2738 3267 2738 3267 2742 3267 2742 3267 2747 3267 2747 3267 2778 3290 2872 3281 2872 3281 2876 3281 2876 3281 2881 3281 2881 3281 2881 3281 2885 3281 2885 3281 2903 3299 2925 3317 3050 3317 3063 3308 3081 3290 3081 3285 3081 3285 3086 3285 3086 3285 3086 3285 3090 3285 3090 3285 3095 3285 3095 3285 3095 3285 3099 3285 3099 3285 3099 3285 3104 3285 3104 3285 3104 3290 3126 3308 3139 3321 3233 3317 3237 3419 3233 3415 758 3290"/></Shape>
	    <String CONTENT="Carinula. Vbi ſunt uitiferi colles uino nobili celeber"
                    HPOS="758"
                    VPOS="3187"
                    WIDTH="2479"
                    HEIGHT="232"></String>
          </TextLine>

          
          
          <TextLine ID="eSc_line_063ac191"
                    TAGREFS="LT85"
                    BASELINE="771 3363 2742 3460 2772 3468 3225 3492" 
                    HPOS="758"
                    VPOS="3281"
                    WIDTH="2466"
                    HEIGHT="218">
            <Shape><Polygon POINTS="767 3361 762 3294 976 3281 981 3281 981 3281 981 3281 985 3281 985 3281 985 3281 990 3281 990 3281 990 3285 1012 3303 1012 3308 1061 3308 1953 3330 1953 3330 2140 3361 2163 3361 2176 3361 2328 3348 2328 3348 2332 3348 3220 3415 3224 3490 3220 3499 758 3374"/></Shape>
	    <String CONTENT="rimi, aqua etiam, qua instar uini bibentes temulen¬"
                    HPOS="758"
                    VPOS="3281"
                    WIDTH="2466"
                    HEIGHT="218"></String>
          </TextLine>

          
          
          <TextLine ID="eSc_line_3be95b04"
                    TAGREFS="LT85"
                    BASELINE="783 3469 2825 3542 3242 3586" 
                    HPOS="776"
                    VPOS="3379"
                    WIDTH="2461"
                    HEIGHT="214">
            <Shape><Polygon POINTS="780 3468 780 3388 976 3406 990 3397 1003 3383 1003 3379 1003 3379 1007 3379 1007 3379 1007 3379 1012 3379 1012 3379 1016 3379 1016 3379 1016 3379 1110 3401 1119 3401 1119 3401 1146 3383 1150 3383 1150 3383 1150 3383 1155 3383 1155 3383 1159 3383 1159 3383 1159 3383 1164 3383 1164 3383 1164 3383 1168 3383 1195 3406 1213 3415 1262 3406 1346 3392 1346 3392 1346 3392 1351 3392 1351 3392 1355 3392 1436 3415 1453 3419 1462 3415 1502 3397 1502 3397 1502 3397 1507 3397 1507 3397 1507 3397 1511 3397 1511 3397 1672 3424 1752 3437 1819 3432 1980 3415 1980 3415 1984 3415 1984 3415 1989 3415 2073 3441 2105 3450 2131 3446 2212 3424 2216 3424 2216 3424 2221 3424 2221 3424 2221 3424 2225 3424 2323 3455 2350 3459 2372 3455 2452 3437 2452 3437 2452 3437 2457 3437 2457 3437 2461 3437 2461 3437 2461 3437 2466 3437 2466 3437 2493 3459 2497 3464 2506 3459 2568 3437 2568 3437 2573 3437 2573 3437 2577 3437 2577 3437 2577 3437 2582 3437 2582 3437 2586 3437 2586 3437 2586 3441 2617 3468 2622 3473 2836 3477 2845 3477 2903 3455 2903 3455 2907 3455 2907 3455 2912 3455 2912 3455 2916 3455 2916 3455 2916 3455 2921 3455 2921 3455 2952 3481 2956 3481 2965 3481 3086 3464 3086 3464 3090 3464 3090 3464 3090 3464 3237 3495 3237 3584 3233 3593 2876 3557 2796 3575 2769 3580 2769 3580 2769 3580 2765 3580 2765 3580 2760 3580 2729 3571 2626 3544 2559 3566 2537 3571 2533 3571 2533 3571 2533 3571 2528 3571 2528 3571 2528 3571 2524 3571 2524 3571 2524 3571 2506 3562 2466 3539 2207 3548 2060 3553 2055 3553 2055 3553 2055 3553 2051 3553 2006 3539 1962 3526 1868 3535 1788 3539 1783 3539 1783 3539 1583 3522 1409 3504 1391 3513 1355 3526 1355 3526 1351 3526 1351 3526 1351 3526 1346 3526 1346 3526 1342 3526 1266 3504 1217 3495 1141 3499 999 3513 994 3513 994 3513 994 3513 990 3513 990 3513 990 3513 985 3513 958 3490 945 3486 776 3486"/></Shape>
	    <String CONTENT="tos fecit. Ex Liuio, Silio, Festo, Stephano, Munstero"
                    HPOS="776"
                    VPOS="3379"
                    WIDTH="2461"
                    HEIGHT="214"></String>
          </TextLine>

          
          
          <TextLine ID="eSc_line_47ceddcd"
                    TAGREFS="LT85"
                    BASELINE="700 3545 3189 3686" 
                    HPOS="691"
                    VPOS="3450"
                    WIDTH="2497"
                    HEIGHT="268">
            <Shape><Polygon POINTS="695 3544 691 3468 838 3450 838 3450 842 3450 842 3450 847 3450 847 3450 847 3450 851 3450 851 3450 851 3455 878 3477 887 3490 1003 3495 1043 3486 1137 3468 1137 3468 1137 3468 1141 3468 1141 3468 1146 3468 1146 3468 1146 3468 1150 3468 1150 3468 1150 3473 1177 3495 1186 3508 1324 3513 1346 3504 1395 3486 1395 3486 1400 3486 1400 3486 1400 3486 1404 3486 1404 3486 1645 3522 1712 3499 1712 3499 1717 3499 1717 3499 1721 3499 1721 3499 1721 3499 1725 3499 1833 3531 1882 3508 1882 3508 1882 3508 1886 3508 1886 3508 1890 3508 1890 3508 1890 3508 1895 3508 1895 3508 1895 3508 1962 3544 1980 3553 2287 3566 2296 3562 2363 3535 2363 3535 2368 3535 2368 3535 2368 3535 2372 3535 2372 3535 2372 3535 2377 3535 2479 3571 3184 3620 3188 3682 3179 3718 3023 3682 2961 3704 2947 3709 2947 3709 2943 3709 2943 3709 2939 3709 2939 3709 2939 3709 2934 3709 2934 3709 2916 3704 2858 3678 2595 3682 2493 3682 2488 3682 2488 3682 2484 3682 2452 3673 2381 3651 2345 3664 2328 3673 2328 3673 2323 3673 2323 3673 2323 3673 2319 3673 2319 3673 2314 3673 2314 3673 2314 3673 2310 3673 2310 3673 2310 3669 2305 3669 2301 3664 2287 3642 1962 3629 1935 3638 1908 3651 1908 3651 1904 3651 1904 3651 1904 3651 1899 3651 1899 3651 1899 3651 1806 3633 1730 3611 1172 3584 1132 3588 1016 3602 1016 3602 1012 3602 1012 3602 1012 3602 1007 3602 1007 3602 945 3575 932 3571 923 3575 887 3593 887 3593 887 3593 883 3593 883 3593 878 3593 878 3593 878 3593 874 3593 874 3593 874 3593 869 3593 838 3571 829 3562 691 3557"/></Shape>
	    <String CONTENT="Cales oppidum in Gallia Iugdunensi à Perpenna captum,"
                    HPOS="691"
                    VPOS="3450"
                    WIDTH="2497"
                    HEIGHT="268"></String>
          </TextLine>

          
          
          <TextLine ID="eSc_line_9daad658"
                    TAGREFS="LT85"
                    BASELINE="765 3651 1930 3701 3189 3781" 
                    HPOS="758"
                    VPOS="3571"
                    WIDTH="2430"
                    HEIGHT="223">
            <Shape><Polygon POINTS="762 3646 758 3580 985 3571 990 3571 990 3571 1164 3602 1186 3602 1195 3602 1257 3580 1262 3580 1262 3580 1262 3580 1266 3580 1266 3580 1266 3580 1271 3580 1271 3580 1346 3611 1351 3611 1369 3611 1511 3597 1511 3597 1516 3597 1516 3597 1520 3597 1520 3597 1587 3624 1596 3624 1596 3624 1659 3602 1659 3602 1663 3602 1663 3602 1667 3602 1667 3602 1667 3602 1672 3602 1761 3633 1766 3638 1993 3646 1998 3646 2042 3624 2042 3624 2042 3624 2047 3624 2047 3624 2051 3624 2051 3624 2051 3624 2055 3624 2055 3624 2060 3624 2060 3624 2060 3629 2064 3629 2064 3629 2078 3651 2078 3651 2087 3651 2203 3638 2203 3638 2207 3638 2207 3638 2212 3638 2305 3664 2314 3664 2323 3664 2381 3642 2381 3642 2386 3642 2386 3642 2390 3642 2390 3642 2390 3642 2394 3642 2394 3642 2461 3673 2470 3673 2475 3673 2537 3651 2542 3651 2542 3651 2542 3651 2546 3651 2546 3651 2546 3651 2551 3651 2551 3651 2613 3678 2684 3660 2689 3660 2689 3660 2693 3660 2693 3660 2693 3660 2698 3660 2698 3660 2698 3660 2702 3660 2702 3660 2702 3664 2707 3664 2720 3682 2774 3669 2778 3669 2778 3669 2782 3669 2782 3669 2782 3669 2943 3700 2961 3700 2965 3700 3023 3678 3023 3678 3028 3678 3028 3678 3032 3678 3032 3678 3032 3678 3188 3713 3188 3780 3184 3794 758 3660"/></Shape>
	    <String CONTENT="ut ait Salluſtius, Caux est populi Caletires dicu¬"
                    HPOS="758"
                    VPOS="3571"
                    WIDTH="2430"
                    HEIGHT="223"></String>
          </TextLine>

          
          
          <TextLine ID="eSc_line_41efc554"
                    TAGREFS="LT85"
                    BASELINE="777 3763 2707 3853 3242 3910" 
                    HPOS="771"
                    VPOS="3678"
                    WIDTH="2466"
                    HEIGHT="231">
            <Shape><Polygon POINTS="776 3762 776 3691 1083 3713 1097 3704 1132 3678 1132 3678 1137 3678 1137 3678 1137 3678 1141 3678 1141 3678 1146 3678 1146 3678 1146 3678 1297 3709 1427 3691 1427 3691 1431 3691 1431 3691 1431 3691 1436 3691 1436 3691 1520 3731 1534 3736 1538 3731 1578 3700 1578 3700 1583 3700 1583 3700 1583 3700 1587 3700 1587 3700 1592 3700 1703 3704 1703 3704 1703 3704 1873 3745 1944 3718 1944 3718 1948 3718 1948 3718 1953 3718 1953 3718 1953 3718 1957 3718 1957 3718 1957 3718 1962 3718 1962 3718 1962 3722 1966 3722 1989 3753 2042 3727 2042 3727 2042 3727 2047 3727 2047 3727 2047 3727 2051 3727 2051 3727 2055 3727 2055 3727 2055 3727 2127 3762 2140 3767 2145 3762 2221 3731 2221 3731 2225 3731 2225 3731 2225 3731 2229 3731 2229 3731 2229 3731 2234 3731 2234 3731 2328 3771 2336 3776 2350 3776 2488 3745 2488 3745 2488 3745 2493 3745 2493 3745 2497 3745 2497 3745 2497 3745 2591 3789 2595 3789 2613 3789 2751 3771 2751 3771 2756 3771 2756 3771 2760 3771 2760 3771 2836 3802 2845 3802 2858 3802 2983 3785 2983 3785 2988 3785 2988 3785 2992 3785 2992 3785 2992 3785 2997 3785 2997 3785 3028 3811 3032 3816 3237 3825 3237 3909 3233 3909 771 3776"/></Shape>
	    <String CONTENT="tur, a Sabellico Sidoaci. Ex illit, plino, Munstero"
                    HPOS="771"
                    VPOS="3678"
                    WIDTH="2466"
                    HEIGHT="231"></String>
          </TextLine>

          
          
          <TextLine ID="eSc_line_7582dfe1"
                    TAGREFS="LT85"
                    BASELINE="488 3804 3201 3987" 
                    HPOS="481"
                    VPOS="3722"
                    WIDTH="2716"
                    HEIGHT="277">
            <Shape><Polygon POINTS="486 3802 486 3722 1320 3794 1342 3785 1364 3771 1364 3771 1364 3771 1369 3771 1369 3771 1369 3771 1373 3771 1373 3771 1378 3771 1453 3794 1516 3807 1614 3802 1770 3798 1775 3798 1775 3798 1775 3798 1779 3798 1779 3798 1828 3820 1850 3829 1859 3820 1877 3807 1877 3807 1882 3807 1882 3807 1886 3807 1886 3807 1886 3807 1890 3807 1890 3807 1890 3807 1895 3807 1962 3829 1975 3834 1984 3829 2029 3816 2029 3816 2033 3816 2033 3816 2038 3816 2038 3816 2038 3816 2042 3816 2042 3816 2096 3838 2113 3847 2189 3847 2363 3843 2368 3843 2368 3843 2368 3843 2372 3843 2372 3843 2421 3865 2439 3869 2493 3869 2689 3860 2693 3860 2693 3860 2693 3860 2698 3860 2698 3860 2765 3887 2774 3892 2805 3892 3028 3883 3032 3883 3032 3883 3032 3883 3197 3923 3197 3985 3188 3999 2591 3981 2591 3981 2591 3981 2461 3950 2444 3950 2408 3950 2158 3950 2154 3950 2154 3950 2006 3923 1989 3918 1984 3918 1948 3936 1948 3936 1948 3936 1944 3936 1944 3936 1940 3936 1940 3936 1940 3936 1761 3905 1734 3901 1725 3901 1676 3918 1672 3918 1672 3918 1672 3918 1667 3918 1667 3918 1489 3887 1436 3878 1373 3878 1146 3883 1141 3883 1141 3883 1137 3883 1137 3883 1065 3856 1048 3852 1043 3856 1021 3874 1021 3874 1016 3874 1016 3874 1016 3874 1012 3874 1012 3874 1007 3874 1007 3874 481 3816"/></Shape>
	    <String CONTENT="27 Calidium Samnitum opp. in Italia in uia Appia : Calitru"
                    HPOS="481"
                    VPOS="3722"
                    WIDTH="2716"
                    HEIGHT="277"></String>
          </TextLine>

          
          
          <TextLine ID="eSc_line_4fbdfbc5"
                    TAGREFS="LT85"
                    BASELINE="765 3951 1871 3981" 
                    HPOS="753"
                    VPOS="3852"
                    WIDTH="1115"
                    HEIGHT="138">
            <Shape><Polygon POINTS="762 3950 762 3852 949 3892 1097 3869 1106 3869 1106 3869 1110 3869 1110 3869 1110 3869 1119 3869 1230 3896 1266 3878 1293 3865 1293 3865 1293 3865 1297 3865 1297 3865 1302 3865 1449 3869 1449 3869 1449 3869 1453 3869 1453 3869 1507 3892 1543 3909 1868 3914 1868 3976 1859 3990 753 3967"/></Shape>
	    <String CONTENT="dicitur. Ex Volaterrano."
                    HPOS="753"
                    VPOS="3852"
                    WIDTH="1115"
                    HEIGHT="138"></String>
          </TextLine>

          
          
          <TextLine ID="eSc_line_667a58b0"
                    TAGREFS="LT85"
                    BASELINE="471 4010 1406 4073 3213 4128" 
                    HPOS="459"
                    VPOS="3936"
                    WIDTH="2752"
                    HEIGHT="219">
            <Shape><Polygon POINTS="468 4008 463 3950 686 3936 691 3936 691 3936 691 3936 695 3936 695 3936 695 3936 740 3959 749 3967 762 3959 793 3941 798 3941 798 3941 802 3941 802 3941 802 3941 807 3941 807 3941 963 3967 1052 3985 1088 3976 1155 3954 1159 3954 1159 3954 1159 3954 1164 3954 1164 3954 1168 3954 1168 3954 1168 3954 1172 3954 1172 3954 1172 3959 1199 3981 1213 3994 1645 4008 1672 3999 1752 3976 1757 3976 1757 3976 1757 3976 1761 3976 1761 3976 1766 3976 1766 3976 1766 3976 1770 3976 1770 3976 1810 4008 1815 4012 1841 4008 1926 3994 1926 3994 1931 3994 1931 3994 1931 3994 1935 3994 1998 4016 2015 4021 2033 4016 2109 3990 2113 3990 2113 3990 2113 3990 2118 3990 2118 3990 2118 3990 2122 3990 2122 3990 2189 4021 2225 3999 2229 3999 2229 3999 2234 3999 2234 3999 2234 3999 2238 3999 2238 3999 2243 3999 2243 3999 2243 3999 2247 3999 2247 3999 2283 4025 2287 4030 2301 4030 2444 4003 2444 4003 2448 4003 2448 4003 2448 4003 2452 4003 2452 4003 2452 4003 2457 4003 2457 4003 2457 4008 2457 4008 2484 4034 2488 4039 2493 4039 2586 4008 2591 4008 2591 4008 2591 4008 2595 4008 2595 4008 2595 4008 2765 4048 2765 4048 2765 4048 2836 4021 2836 4021 2840 4021 2840 4021 2845 4021 3019 4025 3019 4025 3019 4025 3211 4070 3211 4123 3206 4132 2947 4128 2898 4155 2894 4155 2894 4155 2889 4155 2889 4155 2889 4155 2885 4155 2885 4155 2885 4155 2881 4155 2881 4155 2876 4155 2876 4155 2876 4155 2845 4123 2675 4119 2020 4123 2015 4123 1101 4066 851 4079 847 4079 847 4079 459 4030"/></Shape>
	    <String CONTENT="28 Calinula Campaniæ fluuius, Caiamela est in Aprutio."
                    HPOS="459"
                    VPOS="3936"
                    WIDTH="2752"
                    HEIGHT="219"></String>
          </TextLine>

          
          
          <TextLine ID="eSc_line_62558194"
                    TAGREFS="LT85"
                    BASELINE="753 4163 1318 4157" 
                    HPOS="726"
                    VPOS="4057"
                    WIDTH="589"
                    HEIGHT="116">
            <Shape><Polygon POINTS="749 4159 726 4097 753 4061 758 4061 758 4061 758 4057 762 4057 762 4057 762 4057 767 4057 767 4057 767 4057 771 4057 771 4057 776 4057 878 4083 1012 4057 1012 4057 1012 4057 1016 4057 1306 4088 1315 4155 1311 4168 749 4173"/></Shape>
	    <String CONTENT="Ex Blondo"
                    HPOS="726"
                    VPOS="4057"
                    WIDTH="589"
                    HEIGHT="116"></String>
          </TextLine>

          
          
          <TextLine ID="eSc_line_b180e838"
                    TAGREFS="LT85"
                    BASELINE="465 4245 2454 4251 3207 4287" 
                    HPOS="445"
                    VPOS="4150"
                    WIDTH="2761"
                    HEIGHT="156">
            <Shape><Polygon POINTS="463 4244 445 4181 468 4155 472 4155 472 4150 472 4150 477 4150 477 4150 477 4150 481 4150 481 4150 481 4150 486 4150 486 4150 490 4150 593 4177 619 4155 619 4150 619 4150 624 4150 624 4150 624 4150 628 4150 628 4150 633 4150 865 4150 865 4150 865 4150 869 4150 869 4150 949 4186 954 4190 1052 4190 1056 4186 1106 4155 1110 4155 1110 4155 1110 4155 1114 4155 1114 4155 1119 4155 1119 4155 1119 4155 1123 4155 1123 4155 1123 4155 1128 4155 1128 4155 1128 4159 1159 4186 1159 4186 1164 4186 1378 4164 1378 4164 1382 4164 1382 4164 1534 4190 1547 4190 1552 4190 1627 4159 1627 4159 1632 4159 1632 4159 1632 4159 1636 4159 1636 4159 1641 4159 1641 4159 1641 4159 1645 4159 1645 4159 1645 4164 1672 4186 1685 4173 1685 4168 1685 4168 1690 4168 1690 4168 1690 4168 1694 4168 1694 4168 1694 4168 1699 4168 1699 4168 1703 4168 1783 4190 1783 4190 1788 4190 1890 4159 1895 4159 1895 4159 1895 4159 1899 4159 1899 4159 2105 4190 2515 4164 2519 4164 2519 4164 2519 4164 2524 4164 2524 4164 2524 4164 2577 4190 2684 4168 2684 4168 2684 4168 2689 4168 2689 4168 2693 4168 2693 4168 2693 4168 2698 4168 2698 4168 2733 4199 2738 4204 2894 4204 2898 4199 3001 4168 3005 4168 3005 4168 3005 4168 3010 4168 3010 4168 3014 4168 3014 4168 3014 4168 3019 4168 3019 4168 3019 4173 3050 4199 3050 4204 3202 4204 3206 4284 3202 4293 2876 4306 2872 4306 2872 4306 2867 4306 2867 4306 2867 4306 2863 4306 2863 4306 2863 4302 2854 4293 2840 4280 2546 4275 2501 4293 2484 4302 2484 4302 2479 4302 2479 4302 2479 4302 2475 4302 2475 4302 2470 4302 2470 4302 2470 4302 2466 4302 2466 4302 2466 4297 2461 4293 2439 4275 2118 4275 2100 4293 2096 4293 2096 4297 2096 4297 2091 4297 2091 4297 2091 4297 2087 4297 2087 4297 2087 4297 2082 4297 1993 4293 1654 4271 1552 4293 1520 4297 1520 4297 1520 4297 1516 4297 1516 4297 1516 4297 1511 4297 1511 4297 1511 4297 1498 4293 1453 4266 1360 4288 1355 4288 1355 4288 1351 4288 1351 4288 1346 4288 1346 4288 1346 4288 1297 4266 1177 4266 1137 4293 1137 4293 1132 4293 1132 4293 1132 4293 1128 4293 1128 4293 1128 4293 1123 4293 1123 4293 1123 4293 1110 4293 1007 4266 981 4288 981 4293 981 4293 981 4293 976 4293 976 4293 976 4293 972 4293 972 4293 967 4293 615 4288 615 4288 615 4288 615 4288 611 4288 611 4288 611 4288 606 4288 606 4288 606 4284 579 4262 463 4288"/></Shape>
	    <String CONTENT="29 Calista, uel, ut est apud Herodotum, Callista Insula in Ægæo"
                    HPOS="445"
                    VPOS="4150"
                    WIDTH="2761"
                    HEIGHT="156"></String>
          </TextLine>

          
          
          <TextLine ID="eSc_line_d84e23b7"
                    TAGREFS="LT85"
                    BASELINE="777 4351 2177 4347 3160 4375" 
                    HPOS="767"
                    VPOS="4275"
                    WIDTH="2390"
                    HEIGHT="125">
            <Shape><Polygon POINTS="776 4346 776 4275 2609 4275 2609 4275 2609 4275 2613 4275 2613 4275 2617 4275 2653 4297 2666 4306 3153 4306 3157 4373 3148 4400 767 4360"/></Shape>
	    <String CONTENT="inter Cyrenæas, et Cretam, colonia Lacedæmoniorum :"
                    HPOS="767"
                    VPOS="4275"
                    WIDTH="2390"
                    HEIGHT="125"></String>
          </TextLine>

          
          
          <TextLine ID="eSc_line_db763702"
                    TAGREFS="LT85"
                    BASELINE="812 4463 2413 4451 3195 4498" 
                    HPOS="802"
                    VPOS="4360"
                    WIDTH="2391"
                    HEIGHT="138">
            <Shape><Polygon POINTS="811 4462 802 4382 896 4360 896 4360 896 4360 900 4360 900 4360 900 4360 1016 4382 1079 4395 1092 4382 1110 4369 1110 4364 1110 4364 1114 4364 1114 4364 1114 4364 1119 4364 1119 4364 1123 4364 1199 4364 1199 4364 1199 4364 1204 4364 1275 4387 1324 4404 1498 4404 1552 4387 1654 4364 1654 4364 1654 4364 1659 4364 1659 4364 1846 4391 1850 4391 1855 4391 1953 4364 1957 4364 1957 4364 1962 4364 1962 4364 1962 4364 1966 4364 2055 4391 2551 4369 2555 4369 2555 4369 2555 4369 2559 4369 2559 4369 2559 4369 2622 4400 2631 4409 3188 4409 3193 4494 3184 4498 2524 4471 2479 4494 2466 4498 2466 4498 2466 4498 2461 4498 2461 4498 2457 4498 2457 4498 2457 4498 2452 4498 2452 4498 2452 4498 2439 4494 2399 4471 2221 4489 2167 4494 2167 4498 1899 4498 1895 4494 1895 4494 1890 4494 1864 4485 1801 4467 807 4471"/></Shape>
	    <String CONTENT="Thera dicta a Thera Antesionis filio ex genere"
                    HPOS="802"
                    VPOS="4360"
                    WIDTH="2391"
                    HEIGHT="138"></String>
          </TextLine>

          
          
          <TextLine ID="eSc_line_d04e409a"
                    TAGREFS="LT85"
                    BASELINE="783 4569 2265 4549 3189 4598" 
                    HPOS="767"
                    VPOS="4458"
                    WIDTH="2421"
                    HEIGHT="138">
            <Shape><Polygon POINTS="780 4565 767 4494 865 4458 865 4458 869 4458 869 4458 874 4458 874 4458 874 4458 878 4458 878 4458 945 4485 1025 4462 1030 4462 1030 4462 1034 4462 1034 4462 1034 4462 1039 4462 1039 4462 1039 4462 1043 4462 1043 4462 1043 4467 1074 4494 1074 4494 1074 4494 1266 4462 1266 4462 1271 4462 1511 4462 1511 4462 1511 4462 1516 4462 1516 4462 1516 4462 1520 4462 1520 4462 1520 4467 1543 4485 1721 4462 1721 4462 1725 4462 1725 4462 1725 4462 1730 4462 1730 4462 1734 4462 1770 4485 2002 4471 2006 4471 2006 4471 2006 4471 2011 4471 2011 4471 2011 4471 2015 4471 2015 4471 2015 4476 2038 4494 2394 4467 2399 4467 2399 4467 2671 4502 2689 4507 3184 4507 3188 4596 3099 4596 2341 4565 776 4583"/></Shape>
	    <String CONTENT="polynicis coloniæ deductore : nunc Sanctorini. Hæc"
                    HPOS="767"
                    VPOS="4458"
                    WIDTH="2421"
                    HEIGHT="138"></String>
          </TextLine>

          
          
          <TextLine ID="eSc_line_fbd20e2a"
                    TAGREFS="LT85"
                    BASELINE="794 4687 2000 4628 3284 4687" 
                    HPOS="789"
                    VPOS="4560"
                    WIDTH="2493"
                    HEIGHT="130">
            <Shape><Polygon POINTS="793 4685 789 4601 914 4601 945 4569 945 4565 945 4565 949 4565 949 4565 949 4565 954 4565 954 4565 954 4565 958 4565 958 4565 963 4565 963 4565 963 4565 967 4565 1016 4601 1297 4601 1333 4565 1333 4560 1333 4560 1337 4560 1337 4560 1337 4560 1342 4560 1342 4560 1342 4560 1346 4560 1685 4583 1721 4560 1725 4560 1725 4560 1725 4560 1730 4560 1730 4560 1734 4560 2653 4574 2653 4574 2653 4574 2658 4574 2658 4574 2662 4574 2662 4574 2693 4601 3063 4601 3121 4569 3121 4569 3121 4569 3126 4569 3126 4569 3126 4569 3130 4569 3130 4569 3135 4569 3135 4569 3135 4569 3139 4569 3139 4569 3139 4574 3166 4601 3277 4601 3282 4685 3273 4690 1810 4654 789 4690"/></Shape>
	    <String CONTENT="insula, et Therasia dicuntur enatæ anno quarto olym"
                    HPOS="789"
                    VPOS="4560"
                    WIDTH="2493"
                    HEIGHT="130"></String>
          </TextLine>

          
        </TextBlock>
        
        <TextBlock HPOS="3023"
                   VPOS="4726"
                   WIDTH="243"
                   HEIGHT="125"
                   ID="eSc_textblock_0254b7b5"
                   TAGREFS="BT">
          <Shape><Polygon POINTS="3266 4851 3266 4726 3023 4726 3023 4851"/></Shape>
          
          
          <TextLine ID="eSc_line_3ee0b8e9"
                    TAGREFS="LT85"
                    BASELINE="3072 4786 3284 4793" 
                    HPOS="3063"
                    VPOS="4712"
                    WIDTH="219"
                    HEIGHT="214">
            <Shape><Polygon POINTS="3068 4783 3068 4712 3282 4725 3282 4792 3273 4926 3215 4926 3211 4922 3206 4922 3202 4922 3202 4917 3166 4881 3121 4832 3063 4837"/></Shape>
	    <String CONTENT="piadis"
                    HPOS="3063"
                    VPOS="4712"
                    WIDTH="219"
                    HEIGHT="214"></String>
          </TextLine>

          
        </TextBlock>
        

        
      </PrintSpace>
    </Page>
  </Layout>
</alto>
