3698 5270
1761 474 281 158 Liber

1093 614 2301 150 Ausonio Ausonum Duce, et ab Auruncis populis dicta, à

1119 715 2355 145 T. Manlio Cos in ditionem recepta, poſtea a Sidicinis de

1102 803 2402 145 leta fuit Sulpitio Longo, et Ælio Paeto Coss. Vnde Au

1102 900 2345 154 runci Suessam cum liberis, et coniugibus accessere :

1115 1032 2367 118 quare Suessa Aurunca cognominata, et Pometia

1106 1106 1775 132 nunc Sessa. Ex Liuio, Festo, Blondo.

865 1181 2055 149 401 Aurupium opp. Iapydiae, Aurspergum est. Ex Lazio.

873 1247 2561 189 402 Ausa Hispaniae Ciuitas, Ausonia est, Vicus Donose, et uul

1093 1357 1384 140 go Vic. Ex Gerundensi, Beutero.

852 1409 2586 198 403 Auſcij Aquitaniae populi, Auchxitani ſunt al Auchx urbs

1119 1523 2390 172 Augusta à Ptolemaeo uocata. Ex Marliano, Munſter⟨o⟩

856 1620 2587 176 404 Ausigda Aphricae urbs in Cyrenaica, Zadra est. Hecataea

1106 1730 1788 140 Insulam esse ait. Ex Stephano, Munstero

860 1804 2649 163 405 Ausones Italiae populi fuisse creduntur ubi nunc est Bene

1111 1897 2345 136 uentum. Sed Ausones proprë fuere, qui etiam diceban

1115 1993 2328 141 tur Aurunci inter Campanos, et Volscos, ab Ausone

1119 2086 2311 149 Ulyisses, Circes ae filio : uel Itali, et Leutariae. quanuis

1128 2173 2297 145 Lycophron impropriè Ausonios uocasset phaecas, et

1076 2266 2174 180 Daunios. Ex Isaacio, ⟦Declaratione⟧ urbium Italiae.

2174 2274 483 88 Interpretatione

882 2358 2521 149 406  Auſugum opp. Italiae, Vallis Sugana est. Ex Hermolao.

865 2441 2604 172 407 Autolala Insula non longe a Fortunatis, quae et Iunonis, et

1111 2547 2327 158 Solis Insula dicitur, et Cubile Nympharum, nunc Lan

1089 2643 2235 180 ciarotus, uel Madera. Ex Pli. Bordono, Barroso.

869 2744 2574 172 408 Automalax Ptolemaeo, Automala Apollodoro, et Straboni

1062 2823 2363 180 Automalaca Polybiſtori locus Aphricae est in Cyrenaica

1093 2907 1827 189 quoi Eſtani dicitur. Ex Stephano, Munstero

843 2999 2573 184 40 Autricum Carnutum opp. in Gallia, Chartres est. Ex Munſt.

830 3109 2578 197 410 Auxeris, Auseris, et Auser Æthruriae fluuius, ⟦Æsaris⟧

1062 3210 2350 202 dictus ⟦a Strabone⟧, a Liuio Mera, à Ptolemaeo Boa

1080 3328 2332 189 ctus, nunc uno riuo fluit prope Lucam, qui Serchius

1062 3425 2346 184 dicitur, altero prope Pisas, et hic Æsaris ⟦dicitur⟧ a Stra

2995 3456 290 74 uocatur

1089 3539 2323 163 bone, nunc Era, uel Ausera. Sunt tamen qui credunt

1062 3631 2394 176 Auxerim esse Macram. Sed Macra à Ptolemaeo dici

1067 3741 2310 171 tur Macralla, et ab Æthruria Liguriam ſeparat :

1040 3864 2434 154 ab eaq. appellabatur Regio Macrae, quae Vallis Macra

1071 3939 2403 184 dicta fuit, et nunc Lunigiana ab urbe insigni Luna de

1062 4031 2341 198 leta. Ex Strabone, Blondo, Volaterrano, Landino, Nicolao

1062 4141 1441 149 Tiguino, Munstero, Leandro, Iouio

843 4224 2617 180 411 Auximum uetustissima urbs Piceni in arduo monte Sita, Oſi

966 4334 1822 158 num est. Ex Declaratione urbium Italiae.

847 4409 2552 206 412 Auxume Æthiopiae ciuitas, chazumo uocatur, ⟦Ex Corsalo.⟧

1076 4510 1585 197 uel Acassuno. Ex Andrea corsalo

3214 4646 246 136 Axia
