3681 5350
1320 539 446 103 Duodecimus

673 575 835 116 Liber Duodecimus.

2311 526 174 151 98

401 637 2592 169 1 Naaratha Iudaeae urbs, Naorth dicitur ab Hieronymo, a

642 749 1057 120 Riano fortasse Naarda.

410 793 2646 161 2 Nabius Hispaniae Tarraconensis fluuius, Narius a Me

655 927 536 98 la appellatur.

410 913 2610 201 3 Nagnia Vilumbrorum opp. Nequinum a Plinio dictum, ab

633 1029 2450 165 Antonino Nequina, postea Narnia a Nare fluuio prae

646 1132 2432 120 terlabente, quem Dionysius in decimo octauo Antiquitatum

642 1203 2409 161 Narnum uocat : nunc Narni. Ex Stephano, Volater.

459 1301 2597 143 4 Nalcua Atrebatiorum opp. in Britannia, Dumbreton

638 1399 1258 121 cum est in Scotia. Ex Iouio

437 1448 2561 174 5 Nantuates Galliae popluli, Constantienses creduntur. Ex

660 1578 464 111 Martiano

432 1551 2646 241 6 Napuca Daciae opp. Buza, Busaten uè est in Transyl

633 1765 808 80 uania. Ex Lazio

450 1725 2512 232 7 Narisci Rhaetiae populi fuere in ea parte Boioariae,

655 1850 1879 178 quae Norca uulgo dicitur. Ex Aventino.

455 1908 2619 223 8 Naron fluuius in IIlyrico, Nar ab alijs dicitur, nunc

669 2059 1013 147 Narenta. Ex Munſtero

468 2055 2499 267 9 Nasium Leucorum urbs in Gallia Belgica, Nancy est

687 2247 1249 169 ſub Lotharingiss. Ex Roberto

450 2260 2508 223 10 Natiso Italiae fluuius iuxta Aquileiam, Lisontius

669 2420 1151 143 nuncupatur. Ex Blondo

450 2407 2664 254 11 Naua Germaniae fluuius, Naa est, et Rhenum influ

687 2648 571 84 it. Ex Lazo.

446 2559 2547 285 12 Naualia Germaniae ciuitas, Schuuol dicitur. Ex Munst.

459 2657 2713 276 13 Naubolum phocidis opp. Drymaea postea nuncupatum, quod

673 2755 2414 245 ciues incolunt, qui originem habuere a phoco Æaci fi

673 2857 2454 241 lio. plinius Drymaeam regionem hoc loco enumerat

696 2955 2413 232 quae Daulis etiam appellata sit, et phocis a phoco Re

691 3067 2485 227 ge inter Boeotiam, et Locridem, quam Thraces olim

704 3152 2437 254 possedere: ubi fuit etiam Daulis oppidum, Daulia quoq.

704 3267 2361 219 dictum a Daulieo Tyranno, uel a densitate, nam densa

2105 3343 197 81 aiunt

691 3312 2441 290 Δαυλίσ uocant, ubi regnasse dicunt Tereum illum in

709 3419 2342 285 Tragoedijs difamatum : ubi etiam ea facta dicuntur,

704 3508 2388 290 quae in fabulis de Philomela, et Procne traduntur :

700 3593 2423 294 uel certe facta fuere Megaris Secundum Thucydidem

696 3718 2454 227 ut ait Strabo : quamuis Thucydides haec gesta Scribat

700 3825 2427 245 in Daulide phocidis : ut fortasse apud Strabonem legen

691 3932 2499 218 dum ſit, In Daulida quidem haec gesta dici a Thucydide,

704 4025 2446 241 ab alijs autem Megaris. Ex illis, Pausania, Isaacio, Do

718 4226 812 125 mitio, Varino.

490 4173 2664 276 19 Nauni in Rhaetia populi apud Appianum, Nausperg nunc

762 4391 888 152 dicuntur. Ex Lazio

481 4369 2686 254 15 Naupactus Ætoliae urbs in Achaia à nauibus dicta quas

3047 4467 125 111 eo
