3666 5350
713 722 2466 142 Ex Cephei nomine Andromedæ patris : qua causa mihi ui

731 824 2377 134 detur Hicandrum hanc appellasse Cepheïdam tellurem,

718 922 2475 121 quam uis aliqui  intelligant Æthiopiam. Iude populi ipsi

1192 1056 220 10 uocati

704 1038 2422 134 Assyrij ⟦dicti⟧, quos Cyrus uicit, Peris q. ſubdidit. Persas

749 1150 2399 147 ſubegi Alexander Macedo, et regionem obtinuere Seleu

740 1270 2444 121 cidæ ùbi postea ea Parthis uicti fuere Arsace Duce.

726 1404 2436 125 Parthi a Persis Ceserosacho Rege : Persæ iterum a

753 1475 2565 156 Saracenis anno 732 Saraceni a Turcis anno 1051.

758 1618 2377 129 Turcæ ab Hoccota Scytharum Rege anno 1292.

740 1725 2386 143 Et Scythis in Indiam accedentibus Persæ tertio pro

722 1850 2493 111 uinciam obtinuerumt : Sed ipsis eam abstulit Solimanus.

789 1952 2386 130 Turcarum Rex anno 1533 : in qua Iudæi olim Sep

749 2068 2346 134 tuaginta annis ſeruierant Chaldæis. Ex Mose,

749 2166 2399 156 Iusepo, Strabone, Ptolemæo, Stephano, Varino, Vadiano, Ionio.

771 2322 290 116 4 Bacænis Sylua, Hercynia, Orcynios, et Orcynia dicta apud Hel

503 2358 2730 165 uetios, fontes q. Danubij incipit, et itinere dierum ſexa

740 2461 2426 178 ginta per Germaniam porrigitur usq. ad Dacos, Cue

704 2568 2453 191 tas, et Tanaim nouem olim dierum itinere latitudine.

744 2639 2440 241 Haec nomina iuxta locorum diuerſitatem mutat : nam

740 2799 2493 152 ubi oritur propre Friburgum, Badensem q. agrum a

726 2911 2431 169 primorum opacitate Nigra Syluia dicitur : in Heidelber :

691 3009 2560 174 Gensi tractu Othonis Sylua, et Odenuual < perperam

704 3134 2498 151 Apud Volaterranum legitur Octuuald) olim Martia

704 3250 2516 174 na : in Franconia propre Herbipolim, et Bambergam, Ar

700 3366 2475 138 dua dicitur, uel Germaniæ Steigeruuald, Gabreta est

713 3450 2471 152 Apud Stradonem, et Ptolemæum : a Meno ad Loriam

731 3575 2520 147 Amnem occidentalis dicitur, hoc est Vuesteruuald : pro

731 3678 2502 151 pre Franconiam Picearia, Spijssharth ſcilicet, uel Spes

695 3789 2502 152 shart, quæ à Ptolemaeo appellatur Semana ſub Meliboco

695 3909 2569 148 monte : in Turingia Turingica nuncupatur, et ⟦Hart⟧

700 4025 2604 152 Hartzuuald ( Sed Volaterranus perperam  ſcripsit Ve

718 4146 2488 134 ſtorburum) hoc est picis Sylua, et hæc proprie est

726 4262 2427 151 Bacacænis : poſtea Boæmiæ Sylua dicitur, a Ptolemæo

726 4369 2502 165 Lunæ Sylua, nunc Norduuald, hoc est Septentrionalis,

718 4485 2466 124 quæ ad Sarnatiam usq. perauerit, inde per Lituaniam

758 4587 2497 143 et

1431 601 397 103 Secundus

2475 592 125 107 30
