3698 5310
1891 451 341 150 Liber

1089 570 2520 168 Magnum promontorium Lusitaniae, alij Artabrum, alij oly⟨⟩

1209 681 2373 155 ſipponense ab oppide appellarunt : quod promontorium

1204 783 2423 128 oceanum Gallicum ab Atlantico, Septentrionem ab occa¬

1204 871 1143 155 ſu disterminat. Ex Plinio.

876 960 2715 168 14 Magnus portus in Britannia, dicitur Portomonth, ubi ci

1151 1062 2436 177 uitas Antona est, uel Sonthampton. Ex Munst. Iouio

1067 1168 2467 150 Magnus portus in Mauritania Caesariensi, nunc

1182 1239 2405 194 Mazalchibir, uel Masaquibir, a Barbanis Marsa

1204 1345 2365 186 cubi dicitur, ab incolis Portus Orani, nam est prope

1204 1438 2201 225 oppidum Orani. Ex Munstero, Iouio, Castaldo

903 1535 2670 226 15 Magnus Sinus in India, nunc dicitur Mare ⟦della⟧ chi

1213 1659 2374 212 nae. Errant enim nimium, qui hoc mare appellat

1186 1783 2383 190 Mare del Sur, quod quidem inuentum fuit a

1213 1893 2396 195 Ferdinando Cortesio anno MDXXI in India Oc¬

1204 2004 2396 204 cidentali Hispanorum. Ex Ferdinando ipso Cor

1195 2154 1302 169 tesio, Munstero, Castaldo

3135 2185 168 107 idum

974 2185 2706 270 16 Mago oppidum in Insula minori Baleari⟦um⟧ a Ma

1186 2309 2410 261 gone Poenorum Duce dicta, nunc Maho. Ex Beu

1191 2535 491 137 tero, Iouio.

952 2513 2661 265 17 Malaca Hispaniae urbs, Malaga est prope fretum H⟨er⟩

1209 2628 2382 261 culeum : quam Hispani dicunt fuisse appellatam Me⟨⟩

1226 2845 1577 146 nicem. Ex Altamero, Munstero.

952 2889 2635 230 18 Malea Laconiae promontorium a Maleo Argiuo

1217 3017 2387 208 Rege L. M. P. I mare porrectum, maximo  naui¬

1200 3132 2387 191 gantium Periculo, unde prouerbium etiam factum.

1209 3225 2378 199 nunc Caput Malium. Ex Seruio, Erasmo, Castaldo

965 3363 2613 163 19 Maliaca Asturiae Ciuitas in Hispana : Malgradus, uel

1191 3464 2387 182 Malina, uel Beneuento dicitur. Ex Munſtero, Castaldo

899 3588 2683 199 20 Mallus Ciliciae opp. a Mopso conditum, a Malto q. dictum

1195 3708 2427 150 ut Callimachus ait, nunc Malo. Ex Strab. Steph, Oliuario

925 3818 2684 142 21 Malua Mauritaniae fluuius, Maluana, a plinio uoca¬

1213 3916 1528 150 tus, nunc Milonia. Ex Munstero

912 4009 2719 163 22 Manapia Hyberniae ciuitas, Vuaterford, et Vaforda est. Ex

1200 4128 753 137 Munst. Castaldo

943 4199 2648 172 25 Mandela pagus in Sabinis, cuius meminit Horatius.

1213 4296 2365 186 nunc dicitur pogium Mireti : quem pagum eodem

1213 4394 2391 172 Horatio teste riuus irrigat Digentiae, qui modo Riuus⟩

3494 4500 97 119 So
