3698 5270
1827 500 254 163 Liber

1150 636 1511 132 nūc Gademes. Ex Stephano, Zieglero

895 746 2614 123 373 Aueniorum Colonia Cauarorum Ciuitas in Gallia Narbone,

1177 812 2327 140 Sit, quam Stephanus, Auenionem uocat Massyliæ urbem, nu‹›

1159 900 2293 162 est Auignom, quam Ioanna Neapolis Regina dedit Clemen

1159 1040 1353 128 Sexto pont. Max. Ex Munstero

900 1071 2578 180 374 Auenticensis Germaniæ tractus, Nuithlandia uulgo dicitur.  Ex

1163 1207 554 106 Beato Rhenano

931 1238 2525 176 375 Auernus lacus in Baiano Sinu, ubi humana uictima olim m‹›

1159 1361 2288 114 nes euocabantur, à Græcis Aornis dictus, quòd aues

1159 1440 2284 154 nullæ ibi ſint, immo et Superuolantes tantum mori ferū

1159 1537 2293 153 Styx etiam dictus : quem purgauit Agrippa, pulcherrimis

1146 1651 2301 153 ædificijs exornauit, Subterranea fossa inde Cumas usq‹ue›

1150 1761 1410 118 effosa. Ex Strabone, Silio, Varino.

909 1831 2551 162 376 Auſidus Italiæ fluuius ex Hirpinis montibus ortus, Pontinam p

1141 1941 2324 162 ludem apud Terracinam faciens, ophantus dicitur, uulgoq‹ue›

1163 2037 1191 119 Fante. Exo Collenutio, Oliuario

931 2099 2222 149 377 Augusta Aſturica Hispaniæ opp. Astorga est. Ex Mario.

944 2195 2490 150 378 Augusta Bacienorum in Italia, Bassignana dicitur. Ex Volaterro

953 2274 2472 176 379 Augusta Emerita Lusitaniæ opp. Roma uocatum, Merinda e‹›

1177 2380 944 132 cocci ferax. Ex Munstero

948 2463 2490 167 380 Augusta praetoria Salassiorum opp. osta est. Nam qui Vill‹›

1141 2573 2337 149 Francam putant esse nimiun falluntur quippe quæ ma

2542 2648 369 92 Ptolemæus

1155 2670 2279 149 ima ſit, et portus Nicææ, quem, ∧ Herculis portum,

1137 2762 2297 184 [lernæum] appella[ſst] mihi uidetur. Augusta uero prætoria

1124 2854 874 132 est in mediterraneis.

904 2916 2508 162 381 Augusta Rauricorum in Gallia Belgica Colonia deducta ‹›

1111 3021 2305 149 L. Munatio Planco, Basilea est, urbs celebris pogra.

1128 3113 2328 141 phorum opera. Alij credunt hanc non esse Baſileam, Se‹›

1115 3223 2323 180 pagum ignobilem Augustam uocatum inter Baſileam, et

1102 3328 1436 145 Rynfeldam. Ex Volaterrano, Lazio.

913 3416 2521 180 382 Augusta Romandyorum in Gallia Belgica, Constantia est. E‹x›

1115 3526 444 110 Volaterrano.

913 3574 2503 167 383 Augasta Taurinorum Massiliensium colonia in Italia, Taura

1128 3693 2324 127 ttia à Stephano dicta, à qua Taurini populi uocantur a Po

1155 3763 2270 154 lybio, Torrino est in regione Subalpina. Ex illis, Munſtero.

904 3842 2539 180 384 Augusta Triuirorum in Gallia Belgica, Treueris uocatur,

1128 3952 1318 123 ulgoq. Trieuer. Ex Marliano.

895 4018 2574 184 385 Augusta Vendelicorum in Vindelitia, Romana Colonia deduct‹›

1058 4128 2394 175 a T. Annio Vero Prisco Prætore Augusti temporibus,

1102 4216 2372 184 Ex Cisara, uel Zizere, ut appellat Abbas Vrspergensi

1106 4321 2376 176 Boiorum municipio : iam deleta est, et ruinæ uidentur i‹›

1106 4439 2350 137 pago Vinding in confluentibus Isaræ, et Loysæ : ubi ‹›

1102 4532 2292 202 fortasse nunc est Scapulariæ monazonion Premostrater

3311 4650 149 141 ſium
