3532 5270
667 799 2733 189 gulis ſemper in [unoquoq.] locos, ne lectori fastidium gignere

676 926 2675 136 tur, ſed omnium in [unoquoq.] quorumque nomine , ſicut in Historia

680 1023 2649 158 Naturali plinium grauissimum auctorem fecisse uidemus in

685 1133 2715 180 unoquoq. libro. Et quanvis primo non cogitassem librum

698 1256 2706 166 divulgare, ( mihi enim ſcripseram) et difficile ad modum ui

689 1400 2750 128 debatur in varia, diversaq. opinione meritatem in intueri : cuius

702 1532 2614 114 causa aliorum quoq. placita contemnenda quandoq. essent :

702 1651 2724 132 Ea tamen causa, quæ me ad ſcribendum ispa etiam ad

702 1774 2706 153 diuulgandum librum impulit ;  cum ſatis viderem me beni

733 1910 2711 145 gnis facturum, qui æquius opus ſusciperem, quàm iniquius

729 2028 2640 128 Maligni damnarent. Et ipsum Toponomazia nomino,

733 2138 2654 132 quam aptissimè nuncupatum pro nomini, Amplissime

746 2270 2706 141 mi Dux consecraui, ut ex te, qui bonis, doctis q. omnibu

738 2411 2684 122 gratissimus tua bonitate, amplissima q. uirtute es, gra

746 2542 2680 141 tiam libro pararem : et ut tu hoc meo facto intelligeres

729 2678 2715 119 me natura, et voluntate tibi deditum et obstrictum, id,

720 2801 2715 137 quod ſum, tibi addixiſse, et uitæ tempus, quod ſeni ma

729 2933 2723 154 net conſecraſse : quod tempus et ſi ætatis uitio aliquan

724 3078 2715 158 moleſtum mihi erit, hanc moleſtiam tuarum virtutum

759 3241 2649 123 contemplatione laudumq. cumulo lenibo. Tu uerò mi

742 3372 2666 136 Maxime princeps, ea benignitate, quam ſummam in

759 3513 2649 132 te omnes videmus, ſenis tibi addictissimi munus, librum

733 3662 2675 141 ſcilicet, et animum ſuscipies : atque credes, eum multum de

764 3811 2574 119 disse, qui quod cunq. est dederit. Deus autem optimus,

738 3926 2684 131 Maximus te nobis, tuis populis, quem optamus, divitiſ

738 4049 2688 136 ſimè, et quam̀ feliciſsimè ſeruet ; adeoq. cum ætate tuā

746 4163 2619 154 gloriam, et laudes augeat, ut omnium, qui honorꝜ Vt

755 4273 2632 171 nomine fuere unquàm illuſtres, laudes, et gloriam su

768 4374 1749 162 peres. Cal. Ianuarij M D L X I .
