3966 5288
1916 418 353 181 Liber

1220 528 1617 207 padum, Santernus dicitur. Ex Volaterrano

1123 652 2516 154 Vatrenus padi oſtium a Vatreno fluuio dictum : Eridanus etiam, ut

1233 731 2380 163 Spineticus a Spina urbe inſigni propinqua condita a Diomede,

1233 810 2367 168 quæ et maris Imperium habuit ; tempore autem Strabonis pagus

2688 881 207 88 dictum

1242 894 2371 172 erat XC. Stadijs a mari diſtans: uel ∧ a Spino fluuio : poſtea

1242 960 2367 168 primaria, et adhuc primaro III, ab Insula quadam. Ex Strabone,

1225 1070 1467 150 Plinio, Stephano, Bucatio, prisciano.

934 1066 2551 233 27 Vbeda Hispaniæ urbs in Bætica, nunc est Vlla. Ex Marineo

960 1158 2701 212 28 Vbij, Vibij a Strabone dicti, Germaniæ populi ab Agrippa traducti

1233 1229 2433 247 fuere ad interiorem Rheni ripam, ubi nuoxc ſunt Colonienses uo¬

1247 1317 2401 220 cali a Colonia Agrippina eo deducta a Claudio Cæsare Ex no¬

1233 1418 1869 177 mine uxoris. Ex Strabone, Suetonio, Munstero

973 1471 2662 216 29 Vbiorum municipium in Germania, nunc est oppenhayn. Ex Lazio

982 1573 2657 207 30 Vcultuniacum Bæticæ opp. in regione, quæ Bæturia appellantur,

1269 1678 2159 137 Turiga Plinij temporibus dicebantur. Ex Plinio ipso

1000 1771 2697 123 31 Vedra Britanniæ fluuius, Vuere, Vueda ,Viunna, et Tueda tan

1255 1833 2411 167 dem uocata in Anglorum, et Scotorum finibus. Ex Polydoro,

1242 1965 745 106 Munstero, Iouio.

1017 1987 2640 211 32 Velia Lucanorum opp. in Italia a phocensibus conditum, Eleama.

1229 2079 2406 159 uocatum ab Eleete fluuio præterfluente, prius dicebantur.

1238 2159 2388 202 Hyela, quo nomine etiam uocatur ab Herodoto : et Ella a

1260 2238 2393 220 fonte quodam, nunc Bucca. Apud plinium Helia pro Hye

1264 2326 2397 225 la Sriptum est : apud Stephanum Byle, et Belea pro Ella

1264 2485 939 128 Ex Stabone, Iouio.

1035 2529 2472 189 33 Velinus lacus pedeluco dicitur in Italia. Ex Volaterrano.

1013 2604 2657 207 34 Vellaunodunum Galliæ opp. Villa noua est in Lotharingis Ex

1247 2771 440 110 Martiano.

1031 2771 2644 207 35 Venedi, Veneti, Vinidæ q. Germanici oceani auolæ inter Sa

1269 2877 2401 194 lam, et Albim fluuios, Vindæ, uel Vendi et Vuilci uocantur

1277 3018 609 101 Ex Altamero.

1026 3053 2644 168 36 Venedicus ſinus in oceano Germanico a Venedis populis

1277 3163 2393 146 dicus, Mare Pomeranium est, quod Pomeranos et

1269 3287 1035 132 prussos aluit. Ex eodem

3022 3260 256 141 uocati

1017 3318 2662 216 37 Veneli Galliæ populi, Vnelli a Cæsare [dicti], nunc a Ga

1277 3472 1538 110 lis Percherons. Ex Martiano.

1039 3538 2495 132 38 Venenensium Galliæ Belgica opp. Venlo est. Ex Lazio

1062 3600 2617 194 39 Veneris portus in Liguria, Lunæ portus, et Sanctus Ve

1264 3728 1529 149 nerius nunc dicitur. Ex Munstero

1053 3772 2653 216 40 Veneris Templum in Italia, est Sancti loannis monasterium

1273 3913 1868 145 in Aprutio. Ex Blondo

1075 3957 2600 233 4i Venetia Italiæ regio circa Adriam a Rhauenna ad Istriam

1273 4054 2441 224 ab Heneto Illyria Rege dicta : uel ab Enetis paphlagonibus

1260 4155 2415 207 qui cum Antenore tenen : uel a Venetis Belgis Enetica

1286 4274 2420 198 etiam appellata, et Adriatica communiter cognominata, ab

1273 4362 2402 256 Euripide Adriene postea Marchia Veronensis appellata

3525 4490 176 128 nunc
