3698 5270
1581 513 645 119 Liber secundus

825 649 2552 150 1 Baala urbs Iudaeae in tribu Iuda, Kiriathbaal dicta, et kiriath

1001 755 2336 118 Ieraim ab Iehosue : Robertus autem legit Cariarhbaal, et

1014 882 562 84 Cariathiarim.

865 904 2486 176 2 Babba Aphricae urbs in Tingitana, Augusti Colonia, Iulia Ca⟨,⟩

996 992 2363 180 pestris dicsa, Fez est, quae Regno nomen dedit incipiente

996 1089 2355 171 Ab Ampelusio promontorio Mauritaniae non longè à Ga

1001 1190 2332 180 Dibus, et uergente ad Austrum. Alij ⟦uero⟧ notant Fez fui⟨ſ⟩

988 1286 2393 198 ſe Volobilim, uel Gontianam. Ex Plinio, Oliuario, Munſt⟨ero⟩

1010 1444 391 123 Castaldo.

838 1479 2552 207 3 Babylon urbs Ægypti à Babylonijs quibusdam condita in fini

1018 1594 2354 175 bus Arabiae iuxta Heliopolim, et Aphrosiopolim : ab Iudais

1027 1699 2354 180 Nephet dicitur, et Migdol, ab Iirmeia nate Noph, Arab⟨s⟩

1018 1840 2363 136 lingua nunc Alkeira, et a nobis Cayro : quam Mama

1018 1936 2372 145 luchis deuictis, et Campsone Sultano interfecto Sel⟦y⟧mu

1045 2055 2319 140 Turcarum Imperator Cepit anno 1516. Memphis quoq.

1023 2169 2328 141 Dicebatur, a qua Pyramides quinq. M. P. distant. Ex

1027 2274 2359 132 Strabone, Othone Frisigensi, Petro Martyre, Andrea Gambi

1018 2367 1700 149 no, Vincentio Opsopaeo, Munstero, Iouio.

966 2446 2411 153 Babylon Chaldaeorum metropolis ⟦Nini ſea⟧ Babylone ſapient⟦⟧

1014 2547 2376 158 Simo Medi filio mille annis ante Semiramim condita, ut

1014 2635 2380 158 ait Errhanius : uel à Uiro quodam Chaldaeo uocato qu⟦in⟧

1018 2736 2337 153 todecimo Rege a Nino : ubi Nimrod turrim fabricare ⟦⟧

1023 2867 2363 136 perat, linguarum q. diuiſio facta, qua causa urbs ip

1018 2968 2359 132 ſa Babel dicta fuit : 385 Stadiorum ambitu quae uel Pli

1014 3100 2354 119 nij temporibus in Solitudinem redierat, ex ⟨?⟩usta uicinitate

1001 3188 2310 114 Seleuciae ob id conditae à Seleuco Nicatore intra

1018 3293 2381 145 nonageſimum lapidem, uel, ut ait Strabo, 300 ſtadia, in

1010 3403 2380 136 confluente Euphratis, et Tigris, quae tamen urbs Ba

1010 3508 2358 141 Bylonia cognominabatur. Babylon ipsa nunc dicitur Bal

1018 3605 2346 171 dach, ab alijs Baltath, aut Bagadar , Bagadat ue, et Balda

1018 3706 2350 198 cha, sed melius Bagueda, uel, ut dicit Zonaras, Bagda

1005 3816 2359 184 quo loco Alexander Macedo interiit. Ex Strabone, Plino,

1014 3921 2376 189 Stephano, Zonara ipso, Sabellico, Eugubino, Munstero, Iouio.

922 4013 2472 203 Babylon prouincia ab urbe Chaldaeorum uocata fuit inter Me

1005 4123 2381 198 ſopotamiam, Arabiam, Susianam, et ſinum Persicum, Chal

1023 4233 2367 202 daea postea dicta, et populi Chaldaei, a Chaldaeo, ut ait Di

1018 4343 2385 193 caearchus, uiro ingenio, uirtute q. praestante, Nino dicto : cum

1027 4457 2385 206 antea uocarentur Babylonij à prouincia ipsa, Arphaxa

1014 4536 2385 220 daei ab Arphaxad  Semi filio : et a Perseo Cephenes dicti

3289 4751 92 114 ex
