3698 5413
1232 766 826 145 Liber Septimus

997 802 2583 217 1 Gaba Syiæ urbs in Galilæa Saulis patria Regis primi

1241 929 2335 180 Iudæorum, Gabaa etiam, et Geba dicta, a pausania

1237 1037 1738 162 Gabba. Ex Stephano, Brocardo, Roberto.

993 1096 2583 189 2 Gabala, et Gaballe phœniciæ Ciuitas, ab Iudæis dici¬

1237 1217 2334 167 tur Gebal, et Gebel,  Volaterrano Gibel. A qua

1806 1335 298 85 uocatur

1241 1326 2285 158 Gebalene [dicitur] tertia pars Palæstina. Ex Stepha

1264 1443 1070 108 no, Roberto, Munstero.

1033 1488 2561 181 3 Gabathon Syriæ urbs,  Gebbethon ab alijs uocatur, ab

1187 1632 2082 136 Iosepo, et Stephano Gabathe. Ex Roberto.

1043 1718 2542 167 4 Gabellus in Mutinensi agro flauius,  Secchia esse cre

1241 1822 2353 149 ditur ab Iouio : cum tamen ſit fluuius, qui Gauellus

1237 1921 2357 172 ad huc dicitur, quem in primo Historiarum Ferrani

1250 2061 1585 140 ſium ſatis descripsi.

1056 2093 2547 203 5 Gabienses Bæticæ populi, Caprenses ſunt. Ex Marineo

1038 2196 2565 181 6 Gabȳ Italiæ opp. in Latio, a Sex. Tarquinio fraude

1250 2282 2344 194 captum, Gallicanum est, uel Zagatolum. Ex Liuio

1246 2404 1910 153 Blondo, Declaratione urbium Italiæ, Omphrio

1178 2485 2393 158 Gabij apud Æschylum in Prometheo, ſunt illi, qui ab

1255 2575 2361 163 Homero Abij dicaretur, Scythæ, iustitia in ſigni : quos Ale

1268 2665 2290 158 xander dicit esse circa pontum Euxinum prope A

1255 2760 2330 158 biantum fluuium, : Eratosthenes uero, et Ephorus M‹›

1774 2850 298 82 uocatos

1255 2837 2339 167 et Agauos [dictos] ab Homero credunt Scythas om‹ne›

1264 2941 2334 189 Nomadas postea, et, teste Hesiodo, Hippomolgos nun

1268 3035 2290 199 cupatos. Posidonius uero intelligit eo nomino Th‹ra›

1286 3121 2290 189 ces, qui uersus Istrum ſunt, Getas Scilicet, My

1255 3211 2334 212 sos, et huiuscemodi a Iios . Nam Thraciam extendebat

1277 3338 2312 148 antiqui usq. ad Saronatarum fines sed Homerus

2880 3428 249 81 dixit

1255 3423 2330 185 certi Nomadas, Agauos, et Abios [uocauit] populos

1250 3559 2344 157 omnes, quorum nomina popria ignorabat. Ex Str‹a›

1273 3689 727 118 bone, Stephano.

1092 3725 2506 172 7 Gabrantonicorum portus in Britannia, Geshoron est. Ex

1273 3870 447 126 Munstero

1088 3879 2510 230 8 Gabronagum opp. in Norico, quod à Stephano for

1268 4028 2330 171 tasse Mace dicitur, et Mænace, nunc est G‹›

1286 4172 840 126 miny. Ex Lazi

1092 4262 2515 127 9 Gabrus Moesiæ fluuius, Vardarus dicitur. Ex Larzi

1070 4330 2542 149 10 Gadara Syriæ urbs, Gedera, et Gader etiam uo

1282 4416 912 117 catur. Ex Roberto

1056 4470 2551 171 11 Galæus Italia fluuius prope Tarentum, a plurimis Eu

3454 4573 158 104 rota
