3698 5310
1899 327 381 159 Liber

1005 460 2613 172 16 Oeaſopolis Vasconum opp. in Hispania, a Munstero Sanctus

1262 566 2311 150 Stephanus dicitur, a Gerundensi Baiona ad ultimum

1275 663 2325 137 pyrenæi promontorium, quod Oeaso dicebatur, nunc Ca

1257 747 2339 164 put Berton a Mario Aretio, a Castaldo uero fons

1271 902 310 102 Rabiæ

1009 893 2600 191 17 Oechalia Messeniæ regio in peloponneso, ubi Eurytus ui¬

1266 1008 2343 164 ctus deſertus fuit, Carnasium postea dicta. Ex Pausania

1178 1119 2418 137 Oechalia urbs Arcadica in Messenia ipsius Euryti, po

1257 1203 2356 142 ſtea Andania dicta, nunc Meſola : Ex qua Thamyris

1262 1300 2316 120 in Dorion proficiſcens a Musis Musica priuatus fuit

1279 1398 1010 133 Ex Homero, Strabone

1018 1407 2591 190 18 Oenanthia Sarmatiæ urbs in Asia, Sancta Sophia est.

1271 1570 611 115 Ex Munſtero

1040 1562 2560 225 19 Oenoë, et Oenoeë Insula uite Euboeam dicta quòd uiti¬

1266 1672 2356 186 bus abundet, postea Sicenus, uel Sicinus a Sicino

1253 1765 2351 208 filio Thoantis, et Nymphæ Naiadis. Ex Strab. Pli. Varin‹o›

1023 1885 2595 172 20 Oenone Insula dicta ab oenone Boydionis filia, Oeon‹›

1266 1982 2352 177 pia etiam, Ægina ab Asopi filià Æaci matur : Myrm‹i›

1257 2070 2356 195 doni a quoniam Myrmidonum patria fuit, nunc Lesin‹a›

1257 2168 2352 186 Sporadum una XX M. P. longitudine, uel, ut Stabo

1253 2261 2360 199 ait XXX M. hoc est CL Stadiorum. Clara olim ma

1271 2362 2347 204 ris Imperio, et Æaco Rege : quo mortuo Argiui Tri‹a›

1262 2469 2347 177 cone Duce eam occuparunt, quam ipsi, Cretenses, E

1266 2566 2347 190 pidaurij, Dorienses, et Athenienses habitarunt. Hic ar

1164 2659 2432 230 gentum primo ſignatum fuisse a phidone Scribit Epho

1240 2774 2356 217 rus. Ex Ouidio, Strabone, plinio, Stephano, lsaacio, Munſ

992 2885 2577 181 21 Oesporis uicus Aphricæ in Syrti maiori, Naym est, uel

1271 2986 1789 191 Sibacha. Ex Munſtero, Castaldo

1009 3115 2578 168 22 Oetylus Lacotiæ urbs ab oetylo Heroe dicta, Bityla

1191 3216 2422 173 nunc appellatur. Aliqui tamen Separatim apud Home

1275 3332 2334 146 rum legunt οἱ Τυλον : et intelligunt eos, qui Tylum

1275 3433 2325 173 habitant, quæ tamen non est urbs Laconica. Ex Ste

1288 3557 1200 164 phano, Eustathio, Sophiano

1018 3632 2609 204 23 Ogygia Thraciæ urbs ad montem Ænum, Pristhlab‹a›

1266 3783 2356 128 etiam dicitur, quæ maximam partem eius montis am

1266 3867 2338 164 plectitur ex crudo lapide cincta. Ex Zonara, Nicetæ

1226 3960 2361 177 Ogygia Italiæ Insula ante Lacinium promontorium, ab

1279 4062 2334 194 Homero, ut creditur, appellatur, Calypsus ab alijs dicintur. Ex

1284 4194 301 160 plinio

965 4296 2542 168 24 Ogygianum Æthriæ opp., Gigianum est. Ex Annio.

978 4402 2622 164 25 Olana padi ostium, Volana postea dictum, quo modo ad

1288 4517 1471 129 huc etiam uocatur. Ex Plinio

3529 4575 71 111 ol
