3681 5350
1347 530 361 120 Decimus

2382 543 223 130 84

446 615 2364 156 12 Lametis in Æthruria, Malora est. Ex Leandro

477 708 2383 161 13 Lampe Cretae urbs ab Agamemnone condita, et a

2855 682 254 116 Lam

691 798 2343 164 po Tarrhaeo uocata, Lappe appellantur a Xenione

678 909 1651 152 in Creta libro uocato. Ex Stephano.

472 958 2624 210 14 Lampsacus Bithyniae opp. a Lampſacae uirgine dictum a

691 1043 2405 223 Phocensibus conditum, pityussa olim appellatum, et ab

682 1172 2396 183 Homero Pityia, ut ait Epaphroditus, ob pinorum co

691 1266 2307 205 piam, uel quòd phrixus eò ueniens πιτύΗν, quod

678 1364 2485 191 apud Thraces thesaurum ſignifcat, absconderit. Lao

682 1480 2423 187 medontia quoq. nuncupatum, Abarnus, Abarnis, et

682 1582 2459 187 ab Artemidoro Abarpis. Sed Hecataeus Abarnum

691 1662 2343 241 dicit fuisse lampsaci arcem, ubi auctore Sophocle

700 1787 2409 232 Venus peperito Priapum. Ex Baccho genitum. Vrbs

704 1885 2392 228 nunc dicitur Circe. Ex Strabone, Stephano, Varino

691 2086 469 116 Oliuario.

522 2073 2592 227 15 Lamurarum urbs, Æthruriae, cuius Horatius Poëta me

696 2175 2329 223 minit, a Fundano laci V M. P. distans, Itrum

709 2367 781 147 est. Ex Blondo

517 2371 2615 228 16 Lanuuium opp. Italiae in Latio, Lauini Ciuitas dicitur

727 2590 571 89 Ex Munſtero

539 2510 2561 285 17 Laodicaea Phrygiae metropolis, appellant primo Diospolis,

736 2657 2061 254 postea Rhoas, nunc Liche. Ex Plinio, Apiano.

548 2777 2552 219 18 Larissa phthioridis urbs Achillis patria : a Poëtis Argos

709 2880 2432 209 uocantur, ab alij Pelas, uel Pelasgia, ut est apud Stra

624 2991 2481 205 bonem : ⟦phriconis dicta, et phriconitis a phricio Lo

745 3129 2360 156 cito monte⟧. Ex Strabone, ⟦Stephano, Eustathio,⟧ Munst.

696 3205 2418 169 Larissa urbs in Asia, Septuaginta ſtadijs distans a Cy

727 3312 2329 129 me, Larissa etiam phriconis, a phriconitis dicta a

736 3406 2280 147 Phricio Locrico monte, a Larissa Cymaea. Ex Stra

727 3513 1361 142 bono, Stephano Eustathio.

691 3562 2467 187 Larissa Syriae , Sieara a Syris appellantur. Ex Stephanio

553 3678 2556 156 19 Larius Iacus in Gallia Togata, ex quo Adua fluit, ut

736 3780 2422 170 et apud, Strabonem legendum est, Lacus Comi dicitur

749 3883 2405 178 trecentum fere Stadiorum Longitudine, triginta Latitu

740 3985 2026 161 dine. Ex Strabono, Buccatio, Ægidio, Leandro.

2967 4052 151 121 hoc

530 4092 2664 170 20 Larnacus, uel Larnassus phocidis, mons ab arca, ⟦hoc⟧ eſt

736 4204 2431 169 Λὰρνακα  Deucalionis eò appulsa; postea Parnassus

758 4324 2378 174 a Parnasso Cleodorae Nymphae filio, qui primus in

789 4418 2347 200 Pythijs oracula redddidit, ut ait Alexander in primo

758 4547 1281 192 de oraculis. Ex Sephano.
