3681 5350
2400 517 161 125 90

660 579 874 138 Liber Vndecimus

392 601 2735 259 1 Maclodium Insubriæ opp. in Cremonensium agro, Ma

383 806 2695 228 2 Macodama Aphricæ uicus, Mesorata uocatur. Ex Munst.

669 766 1361 143 calum nunc dicitur. Ex Sabelico

392 891 2606 232 5 Macrones in ponto populi propre Colchos in Caucaso ha

696 1012 2391 196 litantes, dicti quòd pleriq. ex ipsis magnum caput ex ipsis magnum caput

1972 1087 459 112 a Strabone

696 1114 2396 178 haberent, Sanni postea dici. u et apud Stephanunm

700 1212 2365 210 legendum est, non autem Sami. Suni a Procopio,

660 1324 1936 196 Zanni ab Agathio, Tzani ab Hermolao.

423 1404 2646 227 4 Madurus Nunidiæ Ciuitas in Getuliæ, et Numidiæ

700 1529 1798 209 finibus, Madaurensis a pliniō dicitur.

455 1605 2391 231 5 Mænathat opp. Syriæ, Cato est. Ex Brocardo

472 1707 2575 236 6 Mæotis palus in Sarmatia longitudine a Tanai

700 1801 2418 223 ostio ad Bosporum 375 M. P. ambitu 1125 M. P.

673 1912 2427 228 fluens per Cimmerium Bosporum in Euxinum : a

731 1992 2352 255 Scythis Temerinda dicitur, hoc est mater marīs :

713 2122 2401 232 nunc Zabaca, Mare nigrum, et Mare Tanæ.

709 2211 2432 267 pars huius paludis, quæ ad occidentem Spectat, Sa

731 2318 2369 263 pra dicebantur 500 M. p. ut dicitur. Ex Strabone, Pli

745 2483 1650 160 nio, Oliuario, Munstero, Iouio.

517 2514 2610 236 7 Mætina Insula in ore Rhodani, Blascon est. Ex Plinio

530 2594 2597 259 8 Magna Insula Libyæ ab Aphris dicitur Samath. Ex Stepo

517 2728 2271 223 9 Magnas Syriæ urbs, Bera est. Ex Brocardo.

472 2799 2606 232 10 Magnesia promontorium in Macedonia, Sancuss

736 2884 2302 223 Georgius dicitur contra Scopelum, et Sciathon

776 2987 2324 245 Insulas, quæ antiquum nomen retinent. Ex Bordono

646 3062 2446 272 Magnesia urbs Cariæ ad Mæandrum, Mæandri

758 3169 2302 268 propterea cognomine insignis a Thessalica Ma

762 3285 2352 254 gnesia orta, quæ quidem Thessalica Magnesia

749 3392 2374 277 fuit regio omnis intra Tempe a perreo, et os

758 3539 2360 214 Sa usq. ad Pelium perstadia CLX : Magnesia

803 3736 343 89 itaque

776 3638 2351 236 [inquam] urbs Cariæ ab hac dicta, Thessaloce

1003 3807 384 138 uocata fuit

771 3753 1932 237 etiam ∧ et Androlitia. Ex Plinio, Eustathio

530 3843 2593 240 11 Magniana Pannoniæ opp. Mogentiana uocatum ab

776 3958 1704 223 Antonino, Genghes est. Ex Lazio.

539 4012 2633 294 12 Magnopolis Germaniæ opp. in Saxonia, Mekelburg

767 4204 1263 187 etiam dicitur. Ex Crantzio

513 4217 2695 290 13 Magnum promontorium in Mauritania Cæsaniensi

780 4378 1388 254 Oue, One uè est. Ex Munst.

3011 4431 174 143 Ma
