3532 5270
904 715 2575 172 Abantis etiam uicus uocabatur in agro Patauino : poſte

1032 812 2447 123 Aponus, nunc Abano : moenibus cinctus a Theodoric

1054 900 2412 149 Gotthorum Rege, thermis, et Petro Aponio Medico ce

1054 1001 2429 145 lebris : Titi etiam Livij, ut aliqui uolunt, natalibu⟨s⟩

1045 1111 778 118 Ex Volaterrano.

2236 1168 180 92 uicus

759 1190 2693 158 2 Abdera , Abdaranè Hispaniae urbs prope Gades : Vrce

997 1308 2469 141 dicta, uel Vrgi, nunc Almeria. Ex Artemidoro, Ste

1001 1427 2328 154 phano, Antonio Beutero, Lucio Marineo Siculo.

887 1537 2552 131 Abdera ⟦altera est⟧ in Thracia ab Abderito Erimi

1010 1646 2434 123 filio, quem Diomedis equae deuorarunt : Democriti

1010 1756 2469 149 Protagorae què philosophorum patria, nunc Polyſtilu

1019 1866 2029 119 Ex Hellanico, Stephano, Nicolas Sophiano.

751 1967 2693 149 3 Abella urbs Italiae, cuius meminere Ennius, et Virgilius,

966 2064 1740 158 Auellinum est in Abrutio. Ex Blondo

874 2147 2592 154 Abella item est in Syria, quam Iudaei Abel uocant. Ex Ar

1019 2257 1357 114 temidoro, et Roberto Stephano.

751 2327 2741 180 4 Abice urbs Ponti, Hylaea poſtea dicta, et Hylea. Ex Alexandr

992 2432 1371 145 in primo de Ponto, et Stephano.

768 2525 2693 149 5 Abis Germaniae fluuius in Danubium cadens : Alsus est ⟨⟩

979 2648 475 114 Altamero

755 2740 2702 149 6 Abnobij Germaniae montes, obnobij uè, sunt montes Ha

984 2872 2424 145 ſiae, qui a Germanis Bar, et Bor uulgo appellantur,

988 2964 2311 171 Inde ab Italo quodam Borsi dicti. Ex Munſtero.

759 3060 2641 189 7 Abonimoenia parua urbs Galatiae, Arcani est. Ex eodem.

759 3170 2671 211 8. Aborigines populi erant in Latio, genus hominum agrest

975 3276 2442 250 ſine legibus, ſine imperio, liberum, atq. ſolutum, qui ⟨⟩

944 3412 2443 193 Arcadia cum Oenotro Lycaonis filio uenere : dicti

962 3557 2442 158 quòd uel uagi, et ſine laribus essent, uel montes in

970 3702 2447 145 colerent, quod Arcadicum est : uel quòd eorum origi

962 3825 2442 188 ne ignorata, ſine parentibus crederentur. Poſtea

975 3948 2451 193 uerò etiam Oenotrij uocati. Hi tandem, et Troi

931 4075 2486 158 ni, qui cum Ænea in Latium accesſere, commun

944 4180 2464 198 nomine Latini appellati ſunt ex Latino Abori

940 4290 2499 207 ginum ipsorum Rege. In libro tamen, qui Sem

896 4409 2539 268 pronij nomine circunfertur, legimus ante aduentu

1577 522 360 127 Liber

3237 4655 163 96 oe
