3681 5350
1200 481 660 169 Decimus Sextus

2387 454 151 174 118

660 566 2440 178 muni nomine uocantur, in Septem nationibus diſtincti

660 699 2351 112 quae ab illis uocantur Tatar, Tangor, Cunar,

642 789 2378 129 Ialait, Sonich, Manghi, et Tebei. Regi q. parent,

651 860 2423 147 quem a Cangio primo eorum Rege Magnum, Car

669 962 2409 152 dicunt. Ex Strabone, Ptolemaeo, Haytone, Marco Paulo,

687 1038 1115 165 Ætea Syluio, Munstero.

620 1101 2414 169 12 Sacazama uicus Aphricae in Syrti magna, zedicus est. Ex

432 1185 2637 170 13 Sacrum oppidum in Italia, dicitur Castrum palieti , ⸤Munſt.

682 1275 1861 124 in Apulia. Ex Declaratione Vrbium Italiae

450 1346 2637 152 14 Sacrum promontorium in Lusitania, ubi Cumeus ager

673 1426 2405 147 est : nunc uocatur Caput Sancti Vincentij. Ex Marineo,

678 1520 575 138 Oliuario

2520 1511 273 98 Salanga

606 1529 2472 214 Sacrum promontorium in Hybernia, nunc Salga appel

687 1640 1552 183 latur, et Mons domini. Ex Munst.

633 1698 2423 183 Sacrum promontorium in Corsica, dicitur caput Corso Ex

441 1792 2601 174 15 Saelini in Tarraconensi Hispania populi, Saleni ⸤eodē

687 1885 1744 174 ſunt prope Salam fluuium. Ex eodem

428 1934 2405 210 16 Saepinum Samnitum opp. Sepionum est. Ex Blondo

450 2019 2615 205 17 Saetabis Contestanorum urbs in Hispania, Augusta Va¬

678 2090 2427 197 leria etiam dicta, lino tenuissimo teste Catullo nobi¬

687 2189 2382 200 litata, nunc Xatiua, uel Satiua. Ex Beutero, Munſt.

455 2282 2641 179 18 Sagalassus urbs pisidiae ab Alexandro olim capta, Sel¬

696 2362 2288 188 gessus etiam nuncupatur. Ex Strabone, Stephano

464 2443 2601 227 19 Saguntia Hispaniae opp. a Saguntinis conditum, Se¬

682 2572 1227 201 guanza est. Ex Beutero

419 2612 2628 263 20 Saguntum, et Saguntus Hedetanorum opp. in Hispania

682 2732 2418 197 a Romo Rege conditum, ut dicunt Hispani, uel a Za¬

691 2808 2409 237 cynthijs, Zacynthus propterea appellatum, ab Apollo¬

696 2906 2422 219 doro autem Zacantha, ab Annibale deletum, a Roma¬

709 2987 2307 231 nis instauratum : iterum a Gotthis euersum, iterum

700 3089 2387 205 instauratum, et Monuedrum appellatum, quod nomen ad¬

713 3169 2276 223 huc retinet, uel Moruedrum dicitur, ab aliquibus

691 3263 2325 232 Muriuetus. Ex Strabone, Liuio, Stephano, Beutero,

691 3392 1254 188 Marineo, Io. lodouico Viue.

468 3392 2650 254 21 Sala Mauritaniae urbs, Zale, aut Sela est. Ex Munst. Caſtaldo

660 3481 2472 250 Sala fluuius in eadem regione, Buragrag dicitur. Ex Caſtaldo

486 3593 2423 196 22 Salabina Hispaniae ciuitas, Salbrechia est. Ex Mario.

526 3655 2490 232 23 Salaceni Iudiae populi fuere, ubi nunc est Paliacate urbs

713 3776 1584 165 intra Gangem. Ex Andrea Corsalo

513 3829 2610 205 24 Salambria Asiae urbs, Eudoxopolis postea dictu. Ex Cas

704 3990 371 133 ſiodoro

468 3932 2664 263 25 Salamina, et Salamis Insula contra Ahicum in mari Eu¬

713 4043 2347 241 boicu LXXX, uel, ut alij dicunt, LXX Stadijs longa,

727 4123 2347 232 cum urbe eiusdem nominis, Aiacis Telamonij,: et

722 4222 2303 231 Homeri, ut quidam putant, patria, prius Pityussa

727 4302 2387 227 ab arboribri piceis appellata, psytalia, pelestothre,

709 4387 2436 254 Sciras a quodam Heroe, et Cychreia a Cychreo Sala

2967 4480 133 129 mi
