3681 5350
1160 441 705 125 Tertius decimus

584 548 1040 129 Liber Tertius decimus

2311 517 143 98 101

370 619 2396 152 1 Obebusca Hispaniæ urbs, Babessa esti : Ex Gerundensi.

370 708 2449 139 2 Oboca Hyberniæ fluuius, Lyphæus nunc dicitur. Ex Iouio

374 811 2401 125 3 Obrincus Germaniæ fluuius, Mosella est. Ex Munſtero

388 891 2623 129 4 Obtruncanum tractus in Gallia, nunc dicitur Hundsruck. Ex

588 967 299 107 Lazio

406 998 2659 192 5 Ocelis, uel, ut apud Plinium est, Acila Eliſarorum urbs in

593 1083 2360 178 Arabia a Rhamnusio creditur esse Caput cæli, ab

571 1168 2489 205 Iouio Aden, Sed Vranius in tertio rerum Arabi

597 1275 2459 196 carum Adanam in Arabia felici recenset, ut hæc ui

593 1364 2432 191 deri possit esse Aden : licet Munſterus uelit Aden fuis

615 1484 2419 174 ſe Arabiam felicis Arabiæ urbem, Barrosus autem

615 1622 1299 134 [husitanus fuisse] Madocen.

401 1627 2597 218 6 Ocelli Britanniæ promontorium, Huic est in Scotia,

615 1769 1843 179 uel Vermonthum, aut Hulla. Ex louio.

401 1845 2641 201 7 Ocelum opp. in Hispania Tarraconensi, otero de Rey

615 1983 928 134 dicitur. Ex Munſtero.

544 1979 2530 232 Ocelum locus inter Galliam, et Italiam, Nouolensium est

620 2077 2458 245 unde per alpes ad Centrones, et Allobroges tranſi

606 2251 1076 160 tus est. Ex Marliano

410 2264 2619 232 8 Ocheiæ Insala Echinadum una ultra oſtia Acheloi Do¬

620 2376 2422 214 liche etiam dicta fuit, ut ait Stephanus, et Dulichi¬

606 2501 2343 182 um a Dulichio Triptolemi filio, uel propter ex

615 2590 2374 200 Δολιχόν, quoniam oblonga esset. Eustathius ta

629 2692 2391 223 men legisse uidetur apud Stephanum Oxeiam In

629 2813 2458 200 ſulam prope Dolichium esse, quam Oxeiam Home¬

638 2920 2324 200 rus Thoas appellet. Ex illis, Strabone, Varino.

437 3031 2659 183 9 Ocinarus fluuius Tyrrheniæ, propter impetum, et ſo¬

629 3120 2409 183 nitum aquæ fluentis Ares cognominatus fuit, te

642 3210 2490 209 ſte Isaacio Lycophronis interprete. A quo quidem co¬

664 3299 2298 223 gnomine posteros eum Arnum uocasse facile

642 3499 544 130 crediderim.

401 3513 2615 196 10 Ocreum promontorium Britanniæ Galliam uersus

660 3611 2316 205 uulgo dicitur Musa fala in Scotia. Ex Bordono

414 3700 2512 201 11 Ocrida Macedoniæ urbs, Alchria est. Ex Munſtenro

406 3825 2650 160 12 Ocrinum promontorium in Britannia, est Mons San

664 3936 1160 156 cti Michaelis. Ex Iouio

428 3945 2579 241 13 Octapitarum Britanniæ promontorium, Sancti Da

660 4083 1695 179 uid Menenia uocatur. Ex Munstero

446 4159 2458 214 14 Octodurum Hispaniæ opp. Campus Gotthorum à

669 4262 1847 196 Roberto dicitur, a Munstero Torum.

432 4333 2593 205 15 Octogesa Hispaniæ urbs, Hitona est prope Iberum.

682 4476 759 160 Ex Gerundensi

2842 4489 183 125 Oea
