3666 5350
1507 517 263 142 primus

2475 575 147 129 29

503 646 2752 160 413 Axiacus Sarmatiae fluuius in Europa, Solina dicitur. Ex Bordo.

521 749 2681 147 414 Axium Moesiae urbs, chilia est Alij Axium in Dacia collo

807 842 2332 125 cant, et esse credunt Galacz in Valachia. Ex Mun

771 927 620 134 ſtero, Lazio.

517 980 2658 205 415 Arius fluuius Macedoniae, Vardaris dicitur uel Barda

793 1132 1164 134 rius. Ex Sophiano, Iouio.

539 1199 2319 174 416 Axona Galliae fluuius, Disne est. Ex Marliano

548 1292 2609 179 417 Azama Aphricae fluuius, Zama a Sallustio, et a Floro

896 1426 1507 116 dicitur, Azani quoq. Ex Munstero

544 1466 2640 196 418 Azilis locus Aphricae, uel Aziris, a charace Aziros uoca

784 1578 1075 142 tus fuit. Ex Stephano.

539 1613 2645 206 419 Azotus Palaestinae urbs ab Aza muliere nuncupata, con

767 1707 2439 205 ditaq. ab illis, qui ab Erythraeo nari fugierunt; Asdod

767 1827 1891 192 etiam uocabatur. Ex Stephano, Hieronymo.

718 1930 2444 201 Azotus in Achaia a filio Azoti dicta, peloria etiam a

798 2019 2341 228 peloro uno ex Spartis Fuere autem Sparti illi,

825 2131 2216 214 qui cum Cadmo exx phoenicia uenere, a quibus et

811 2224 2471 223 Spartum uocatam ſuibit Tim agoras. Ex Stephano.
