3698 5310
1204 486 1050 191 Liber quintus decimus

1005 606 2626 163 1 Rage Coritanorum opp. in Britannia, Couentria est, uel No¬

1209 694 1155 137 thinga. Ex Munstero, Iouio

983 765 2639 159 2 Ratostathybius Britanniae fluuius, Vsta dicitur, ut Vsk a Mun¬

1204 871 1249 142 ſtero, ab Iouio uero Sabrina

996 929 2626 194 3 Rauratij Galliae populi Heluetijs finitimi, Bernenses fuit, uel

1213 1048 1205 146 Basilienses. Ex Marliano

1018 1101 2604 191 4 Reate oppidum Italiae, a Stephano Rheatium dicitur, nunc

1213 1225 1749 146 Rieti. Ex Declaratione Vrbium Italiae.

1036 1300 2582 155 5 Regeta urbs Italiae, est Ruglata 35 M. P. a Romae. Ex Blond⟨o⟩

1009 1380 2600 155 6 Rha Sarmatiae fluuius ex lacus candidi paludibus ortus

1209 1469 2404 146 in Sylua WolKonzki, Volga, Volba q. dicitur, a Tartaris

1204 1557 2108 177 Edel, Herdil, Edilus. Ex Munstero, Rhamnusio

1014 1650 2568 168 7 Rhapta, Rhaptra uè metropolis Barbariae in Æthiopia,

1213 1756 2254 160 est uel quitau, uel Luzina. Ex Sephano, Barroso

1027 1845 2564 155 8 Rhaptus Barbariae fluuius in Æthiopia Sub Ægypto, uer

1217 1938 2387 132 ſus montes Æthiopiae uocatur obin : ubi uero in mare

1222 2026 2387 159 prorumpit prope Rhaptam metropolim, quilmance di

1222 2115 1386 124 citur. Ex Barroso

1014 2177 2595 172 9 Rhaudium Italiae opp. uictoria Marij de Cimbris relata

1124 2283 2255 159 ilustre, nunc Rhodobium appellatur. Ex Merula

1005 2367 2604 168 10 Rhedones Galliae Lugdunensis populi, Rhenenses esse cre

1213 2464 1010 129 duntur ab Hermolao

987 2526 2617 168 11 Rhegium Iulium oppidum in Brutijs Chalcidensium opus

1213 2632 2391 169 in dorso Apennini, quo loco Siciliam diuulsam ab Ital⟨⟩

1204 2739 2392 163 dicunt, inde q. oppidum uocatum a ῥαγῆναι gaytira : euersum po

1195 2827 2401 168 ſtea a Diouyſio Syracusarum Tyranno, quod cum p⟨⟩

1204 2916 2400 190 tam in mari mortium petijsset a Rheginis, ipsi ei obtu

1213 3000 2383 186 lerum popularis filium : inde uero a Dionysio eius filio

1209 3093 2387 181 instauratum, et phoebiam uocatum : postea terrae motu

1173 3177 2431 186 maiori ex parte conuulsum ab Augusto restitutum fuit

1195 3274 2414 177 et Rezzo dicitur. Ciues appellantir Rhegini, olim As¬

1116 3358 2488 190 chenezaei ab Aschenaz Gomori filio .Ex Strabono, Iosepo,

1226 3451 713 128 Plinio, Munstero

930 3509 2674 163 12 Rhegium lepidium q a Gallia Togata a lepido condicum, Reg¬

1209 3624 2378 168 giò est : ciues dicintur Rhegienses, cum Rhegiates, ſint

1209 3721 1297 133 Corrigienses. Ex Volaterrano.

925 3783 2693 155 13 Rhene Cycladum una a Delo quatuor ſtudijs diſtans, a Delo ipsa

1191 3911 2418 129 Separata a Polycrate Samiorum Rege, Rhenis dicta ab

1182 3982 2422 150 Herodoto, ab Anticlide Celadussa, ab Hellanico Artemitis

1195 4079 2414 146 a Strabone Rhenaea, nunc fermenta est XL M. P. am¬

1191 4159 2413 164 bitu, ubi Delij cadauera sepeliebant : in Delo enim nec

1186 4270 2423 150 nasci, nec Sepeliri cui quam fas erat. Ex Thucydide, Stra¬

1191 4340 2405 177 bone, Plinio, Scholijs in Theocritum, Stephano, Bordono

3449 4451 133 159 Rhe
