3698 5413
1137 703 2434 145 1 Eblana Hyberniae metropolis, Dublina est, uulgo q. Deuillim

1322 789 944 108 Ex Munſtero, Castaldo

1137 852 2357 144 2 Eboiurum Rhaetiae opp. zumbutzem dicitur. Ex Lazio.

1155 965 2294 144 3 Eboracem Britanniae metropolis, York est. Ex Iouio.

1142 1051 2438 162 4 Ebrodunum Galiae opp. Ambrum uocatur, uel luerdon. Ex Mun

1318 1132 474 112 ſtero, Lazio.

1137 1213 2303 117 5 Ebrus Hispaniae fluuius, Miglies dicitur. Ex Beutero

1250 1308 2326 158 Ebrus Thracicae fluuius, in quem Orphei interfecti caput

1318 1411 2271 158 proiecere Cicones, app ellatur Mariza, uel Ibar. Ex

1318 1515 1634 167 Volaterrano, Itinerario ad Byzantum.

1137 1587 2425 217 6 Ebudae Insula triginta prope Hyberniam, a Plinio uoca

1309 1705 2276 171 tur ⟦Eb⟧ Haebudes, nunc Hebrides ſub Scotis. Ex Iouio

1137 1777 2457 212 7 Eburaici Galliae populi, Ebreux a Gallis dicuntur. Ex Mar

1155 1867 2421 253 8 Eburones Galliae populi, Leodicenses ſunt et uulgo Liege

1318 2002 2276 203 Sicambris proqimis, qui Cottam, et Titureium Caeso

1313 2106 2281 194 ris Legatos trucidarunt. Ex Caesare, Sabellico, Rober⟨⟩

1146 2205 2439 190 9 Eburum Germaniae Ciuitas, Oltmuz est Morauiae regem

1322 2296 655 121 Ex Munstero

1128 2386 2443 171 10 Ebussus, Ebusus, et Ebyſsus Insula altira ex Pitynsis in

1318 2499 2262 184 Baleanio mari, non longe a Gadibus, Aluiza nunc

1313 2629 2159 172 dicitur, uel leuiza, aut Euizza, longitudine XLII M.

1304 2747 2150 185 uel, ut apud Strabonem est, ambitu L M. P Hun

1313 2841 2272 212 Insulae terra Serpentes abiguntur. Ex Strabone ipso,Pli

1318 2986 1535 149 nio, Gerundensis, Bentero, Bondono.

1128 3058 2312 180 11 Ecalidus Italiae fluuius, nunc Caldanus. Ex Annio.

1137 3121 2452 275 12 Ecbatani urbs Ægypti ab Arphaxat condita, Ham po

1300 3270 1485 194 ſtea dicta. Ex Otthono Fisingensi.

1146 3351 2425 280 13 Ecdippa phoeniciae Ciuitas, Albuno promontorium est. Ex Mu

1155 3441 2281 230 14 Echinades Insulae planes in Epiro contra Ambraciam ex

1282 3590 2307 199 Acheloi limo, arenaq. confecta, aliquae etiam continenc

2131 3730 257 144 quoque

1313 3716 2154 181 ti iunctae : Echinae ⟦etiam⟧ dictae uel ab echinorum co

1309 3816 2276 221 pia, uel ab Echino nate, ut ait Apollodorus, nunc uoc⟨⟩

1295 3946 2303 217 tur Cuzulari. Vna ex istis dicebantur olim Dulichium

1313 4059 2249 239 postea Doliche : aliae uero ⟦Oxiae⟧ Oxeiae, quas Ho¬

1309 4195 2271 216 merus Thoas nuncupauit : Omnium ipsarum incolae

1286 4325 2303 221 uocantur Epei ab Homero, qui ex Elide uenere a

1304 4407 2285 266 philea ad Dulichium. Ex Strabone, Plinio, Stephano, Eu

1300 4515 808 135 stathio, Bordono.

1390 622 736 104 Liber Quintus

3454 4668 158 108 Eu
