3681 5350
298 579 2633 219 135 S phagia Insula poloponneso adiaceus, Sphacteria postea di

276 802 2691 192 135 Stagira Macedoniae urbs Aristotelis philosophi omnium doci

588 731 2388 151 cta, ut ait Ihauorinus, nunc Sapientia. Ex Sturb steph Bort

290 1003 2712 169 187 Scaliocanus portus ad Oceanum post Gobaeum promontori.

588 909 1491 161 simi patria, Macra est. Ex Niceta

588 1096 2441 165 um in Gallia Lugdunensi, nunc dicitur Portus Sanci paubi

593 1185 607 139 Ex Munstero

321 1217 2681 214 138 Stationa Insibrum opp. Angleria est, ab Anelo Hectoris filo

588 1350 2401 165 ut dicunt, conditum, a quo quidem Anglo Viceconites orig

633 1475 1142 116 nem habuerint. Ex Corio.

361 1524 2570 183 189 Stellates campus mille p. ultra Capuam positus : Magonus

593 1627 1718 156 uel Mrzonus campusj uocatur Ex Iouo

339 1689 2596 174 190 Stereonitium Germania urbs, Cassillum, Castelq. appellatur

597 1814 496 147 Ex Munstero

356 1792 2678 281 191 Stiacium opp. in Noricis alpbus, Stertzing est. Ex Insciptiom

606 1961 777 161 bus Antiquitatis

356 1961 2624 254 192 Stoborrum Apricae promontorium, Stoora dicittr. Ex Munſtro

361 2082 2664 222 193 Stoechades Insulae tres (quinqe. dicuntur a Strabone) Gal¬

629 2215 2369 156 liae Narbonensi adiacentes, dictae quod ondine directo,

629 2309 2382 187 301Xxio q. positae sint : Stichades a Dioscoride; Ligysti

633 2416 2356 178 des a Ligyis Liguribus, qui eas incolebant : nunc Insula

629 2501 2382 205 de Eri quarum nomina apud plinium ſunt prote, Me

624 2599 2378 205 ſe, quae et pomponiana, et Hypaea. Au Capella Them

615 2697 2387 192 ſtam primam appellat. Ex illis, Apollomo, Mela, Stephano

620 2790 2382 183 Varino, petro Victoriopitauntino dacit⟧s uiro eruditssimo

365 2906 2593 143 194 Stragona Cermaniae urbs, possenauu uulgo dicitur. Ex Munſ

343 3009 2664 156 195 Stratoniceta Macedoniae urbs in Singtico ſinu, a Stra

611 3076 2440 178 bonice Antiochi uxore : Adrianopolis postea dicta ab

642 3192 1914 156 Adriano, qui eam instaurauit. Ex Stephano

365 3259 2677 182 196Stongyle Insula prope Siciliam ex Æolijs una, Strone

624 3374 1151 143 boli Gocatur. Ex Bonrdono

343 3415 2699 218 197 Strymon Macedoniae fluuius prope Amphipolim, a Muna

611 3557 1936 165 ſteto dicitur Marmarius, a Lazio Ischar

356 3629 2731 191 198 Strymonium Macedoniae opp. : postea Miega appellatum

597 3736 2361 173 a Mieza Beretis Macedonis filia, ſorore Berrhoeaei

620 3843 2387 160 et Olgani, a quibus, Berö urbs, et olganus fluuiuo

611 3945 2324 152 uocati, ut Scuibit Theagenes in rebus Macedonum

361 4016 2249 165 199 Stucia Britanniae fluuius, hheynt est. Ex Munsst

339 4137 2663 138 c00 Suanfeldia Germaniae urbs in Saxonia ad Muldam annem

606 4208 2405 161 uicca dicta postea ab Henrico Tertio, qui eam amplio¬

646 4320 1910 187 rem feit, qubim erct Pursaoeio, Agricota

370 4369 2525 205 ⟦01 Subur Hispaniae opp. in Tarraconensi à Subi fluuiu
