3698 5413
1304 658 2037 171 17x ſtudiorum: postea Helena, quod Paris ibi prin

3413 721 163 127 m po

1309 780 2294 140 cubuerit : ubi etium ipsam occubuisse dicunt post Ioia

1300 884 2303 167 excidium. Alij tamen putant Cranaen Cytheram esse Incu

1304 987 2046 154 reneri ſacram. Ex Strabone, Stephano, Eustathio¬

1079 1064 2524 217 275Cremera Æthruiae fluuius, apud quem trecenti Falij unm

1282 1190 2325 190 que millibus ſeruis a Veientibus interfecti fuere. Valz⟨⟩

1286 1321 2159 135 nunc dicitur. Ex Liuio, Declaratione urbium Italiae.

1088 1402 2524 190 26Cremni Sarmatiae urbs in Europa, Comania est. Ex Munſ

1092 1529 2515 203 107 Cremona Italiae urbs, Brimoni uocaeta fuit a Brimo

1273 1646 2339 176 Troiano, qui Sic ardo aucore, eam condidit : Alcmenia

1300 1727 2307 194 ab Alamena Herculis matre : a Gallis Senonibus amphes

1322 1822 2285 216 ta: Romanorum Colonia a T. Semponio, et p. Cou

1309 1957 2298 181 Coss deducta irruente in Italiapn Annibale : direpta po

1313 2052 2294 216 a Vespaſiani nmilitibu : dicuta ab Agilulpho Longoboum

1313 2156 2299 225 rum Rege, et iterum postea a Fuderico Ænoarboi¬

1300 2277 2312 231 uero inſtaurata ſlont. Ex Ascomo, Tacito, paulo Dea

1291 2386 2307 212 no, Sicardo Cremonensi, pontio Verunio, Ricobaldo

1083 2476 2538 244 28 Cremone Dalmatiae urbs nonlongi a Salonis, Grona die

1264 2589 745 131 tur. Ex Lazio.

1065 2665 2551 212 19 Crunids, urbs Muedoniae (sic enim et apud Stephanum

1318 2801 2294 194 gpndum est) Edonica dicta, et philippi à philippo

1300 2923 2312 180 Crenitis pugnantibus aduersus Thraces, auxilia

1322 3044 2290 172 ut ait Artemidorus in undecimo epitome : Datos etia

1318 3148 2294 171 et postea Nicopolis propter aicoriam, quani Augustus i

1304 3265 2312 167 tulit de Bruto, et Cassio prope hanc urbem. Ex Stephan

1327 3360 799 135 Appiano, Robero.

1110 3428 2493 194 8 Crepsa urbs in Apsono Illyrici Insula, nunc Cherso dicit

1300 3550 2321 193 est que Insula diuisa ab Apsoro, cun antea ei iuncta fuei

1304 3644 2317 208 rit, Sid adeo popinqua, ut ponte ex altera in alterat

1304 3739 1459 203 tranſeatur. Ex petro Coppoi

1083 3820 2533 266 28 Creta Insula inmari Ægaeo, Cretico, et Libyco interc

1304 3946 2312 231 renaeam, et Graeciae orum, quae a Sunio usq. à La

1309 4059 2316 235 nicam est : dicta a Crete Iouis, et Idae filio Curetum

1332 4190 2284 226 ge, ut ait Anaximander: uel, quod credidit Dosiades, a

1327 4280 2285 235 Creta Hesperidis filia : Aeria olim uocata, Telih

1318 4389 2298 234 nia quoniam Cretenses ipti Telchines dicebantur

1322 4492 2290 293 chthonia, Ilan, Coreta foretis, et Curetis a Con

3526 4727 68 189 u

3472 654 99 103 m
