3698 5310
943 460 2644 278 18 Menneana castra quo Antoninum in Pannonia, Mai

1204 632 1524 186 ſpurgum oppidum est. Ex Laio

969 677 2631 274 89 Menosgada Germaniae urbs, Egra est ab Egro fluuos

1217 840 1825 177 dicta, ſuib Boemiae Rgno. Ex Munſtero

978 893 2618 261 90 Menralic Bastulorum urbs in Baetica, Alzorira est. Ex Ee

1231 1070 407 124 rumdensi

1200 1057 2396 261 Renralia in Tarraconmnsi Hrspani Degerra Melena¬

1235 1252 873 137 citur. Ex Munstero.

983 1278 2604 226 91 Meouthias, uel Menothias Incula Æthopiae, Madaguscar.

1222 1385 2360 203 incolis dicitur, a Lusitanis uero Insula Sanai Genrgoj. Ex u⟨

1023 1491 2564 203 92 Meroë Insula a duobus Nili alueis facta Astabore, et M

1231 1575 2356 225 ſapo, uel Astapo, inter Aphricam, et Aabiam, trium milliur

1235 1708 2361 181 ſtadiorum longitudine, uille latitudinr, Æthiopum regia, ubu

1231 1796 2360 217 metropolis ∧ a Meroë Cambysiò Sorone, uel uxore ibi mno

1235 1911 2365 195 tua, uocata : ubi olim fuere armatorum 250 M. aurifb

1231 2008 2365 208 400 M. Elsaba uulgo diciur, uel Gueguere : uude fuit Se

1231 2141 2360 177 ba Regina, quae ad Sulomonem acessit :ubi q. regnauis

1244 2243 2338 190 mulier alia Candace appellaita, quod nomm ad Nagna

1231 2349 2356 213 trnſieraut. Ex Sperabone, Iosepo, plinio, Audoa Corsrb

1235 2486 439 155 Munstero

1027 2508 2560 235 99 Mesannmones populi Aphricae pot ora Syrtis, dici quoo

1248 2655 2348 199 inter arenas ſiti ſint, postea Nasamones uocati dſ

1253 2792 1740 159 ſamone quodam. Ex Plinio, Stephano

1027 2889 2569 164 94 Meſana, Messana, et Messene Sicilie urbs :7 ancle dici

1253 3004 2343 190 a uiro terra Sato, uel a fonti, uellae Saturni falae, qu

1253 3137 2343 159 anclum Siculi uocant, ibi abscondita, qua quidem p

1262 3247 2329 160 tri uirilia amputauit : uel quod condita fuerit in cur

1262 3327 2329 182 uo littore ( qayXλsor enim curuum dicitur ) ab Epi

1271 3429 2329 212 ninuna Lauuoni a Naxgijs, qui Catanae finitimi eron

1271 3522 2329 234 uel a latronibus Cumaeis Ex chalcide profecis Ieri

1271 3637 2329 243 mene, atae Cratimene Duibus, ut eos uocat Thuydua

1262 3752 2334 212 des, uel, ut Pausanias, Periere chalcidensi, et Cratae

1266 3849 2330 230 mene Samio. Hos Cumaeos eiecit Anaxilas Rho

1275 3995 2321 204 ginorum rannus Messenius geners, qui urbems

1266 4097 2334 221 ipsam Messenem uocauit Ex nomine patriae, et Mest

1257 4208 2343 234 niorum, qui uicti iin Seumdo bello a Lacedaemonijs Ex

1293 4336 2307 243 Peloponneso ueneraent in Siciliam Gorgo Auisterm
