3698 5310
974 469 2608 185 75 Petuaria Britanniae opp. Beuerlacum est, et uulgo Beuoa

1257 584 430 115 Ex Iouo

978 615 2609 172 76 Phabiranum Germaniae oppudum prope oceanum, Bremen es

1222 716 2351 151 a quo Bremenses dicuntur populi, quos phrisios Ptolema

1244 792 1213 154 appellasse uidikeddi Ex. Munster

1080 831 2498 217 phaeniana Rhaetiae urbs ad Danubij ripam, plebiana, culgo

1235 938 2312 177 Bebenhusium appellantur in Sueuia. Ex Beato Rhenano

1005 1022 2595 194 78phalanne urbs peroebiae a phalanne Tyri filia, ab epho

1248 1119 2241 173 phalannus uocatur, ab Hecacaeo Hippia. Ex Stephano

1009 1199 2272 177 79 Phalasarna cretae opp. contarini est. Ex Bordono

1018 1283 2560 199 8ophamizonium, phanigon ue Amasiae pagus, Neapolis poſte

1231 1371 1408 182 dictus a pompeio. Ex Stephano

1054 1407 2524 234 81 Phanoteus urbs phocedis apud Tuydidem, phanote, et p

1302 1531 2205 177 otesa etiam dicta, al aliquibus panoteta. Ex eodem

1040 1615 2525 159 182 Pharadeni crrmaniae populi, Michellurgenses ſut. Ex Mni

1062 1694 2507 155 88 pharus Insula diei nauigatione ab Alexaddria distans, num

1257 1787 2308 151 ponte continenti iuncta, dicta a pharo proreta Menelaia

1244 1867 2329 164 ſepulto : turri insigni illuptrata condita à Sostrato Cnid

1244 1951 2325 146 Dexiphanis filio, octin gentorum talenterum ſmpum p

1244 2039 2338 151 ladelpho ſuppedicuaetr : nunc dicitur pharia, et pharion. Ex

1244 2132 1067 151 Plimo, Stephano, Ooliuario

1191 2168 2387 212 pharus Iusula, et urbs Ardiaeorum in Ilyrico, phariorum, a

1262 2278 2307 169 pariorum opus, parus etiam dicta, pharia, pharion, ⟨

1244 2407 2307 137 ſene a procoptio, nunc Lesina LX M. P. longitudinm

1253 2451 2320 173 Demerrij pharij patra. Ex Strab. Pl. prol. Steph Salel Bi

1040 2539 2520 191 81pharusij Aphricae populi Asenagi ſuut : qui fuisse dicuintua

1226 2628 2347 173 comites ferculijs ad Heisperidas tendentis. Ex Plinio, olio

1036 2708 2537 185 85 phaselis Eyciae urbs, pityusa dicta, postea pharsalus, et p

1275 2809 2285 151 halius pctria Theodecti Rhetoris et Tragic. Ex Stphano

1031 2889 2551 164 36 phasis colchorum urbs a Mileſijs condita, et emporin

1231 2986 2356 155 fluio phaside, palude, et mare cinctum, polyſtoma esſt

1231 3062 1585 159 Ex Strabone, Stephano, Munstero

1213 3128 2356 159 phasis Colchidis fluuius ortus ex Amaranta monteu

1209 3216 2369 155 in ſecundo Suibic Ctesias, sic uocatus ubi alijs flu

1213 3314 2374 155 nibus augetur prius autem Boas, nunc Fassus. Ex

1231 3416 1102 128 Varino, Iosepo Barbato

1027 3424 2555 204 87 Phazemonitis degio ponti inter Gazelotum, Amiseno

1217 3531 2365 208 Alyu, et phanadoeam, a pompeio Megalopoli dicta ſt

1195 3677 634 115 Ex Strabonur

1036 3672 2537 252 8 phegea ( palaea legitur alicubis qpud Stephancm, et nalu⟨s

1222 3778 2347 217 Arcadiae urbs à phegeo Rege phoronei fratre dicta

1213 3885 2365 199 antea Erymanthus, postea psophis a psophide lyc

1217 4009 1719 137 nis ſlio, uel filia Erycis. Ex Stephano

1018 4071 2533 185 8 pherae urbs Arcadiae a pherete Crethei filio, Admeti

1226 4172 2325 160 patre condita, postea Sapra uocata. Ih colebatur He

1253 4278 2316 147 ate pheraea propterea dicta. Ex Steph⟧ Isancio, Vanino

1155 4354 2396 225 perae oep Ædaiae, pharae etcm appellan. Ex Sele
