3681 5350
1119 508 161 245 qu

352 584 2650 263 p0 phergaei popui a Mcose nuncupati, esse elti cuduntur, quos

588 713 2392 192 als appellant Sidonios posidonius uero Sidonios ab Ho

580 798 2413 200 moo apullatus exiſtimat, qui postea appullkia fuere Ara

580 896 2413 191 bes. Alij autem Sidonios collocant in persico ſinu, qui

580 976 2413 187 rum coloni fuere Sidonij in Cilicia. Ex Strab. Munstero

388 1052 2525 205 41 Phialaa urbs Arcadiae, phigalea postea dicbta. Ex Stphano

526 1119 2476 209 hilaenorum ara in Aphrica, quas elegantſimi deſcriphot

379 1221 2365 187 2I Sallustins, nunc est portus Sabia. Ex Munstero

522 1288 2471 232 phileas, uel phineus in Thracia oppdum Byzantiorum, Si

553 1426 1298 165 lea est. Ex Stephano, Oliuario.

495 1413 2512 299 philiſtinae fossiones Septemmarium ostium, quod alij Taer

588 1515 2410 250 tarum uocant, Codegorium esse creditur a Bucatio : ab

629 1636 2141 209 Iustiniano, et Sabellico pelestrina. Ex illis, Plimo

548 1676 2356 294 philonome Graciae urbs, quam incolebat Cycnus pater

588 1787 2414 254 Tennis, polyboea postea fuit appellata. Ex Scholijs Homo

544 1868 2436 263 phison Asiae fluuius, qui interpretatur os puellae, ex

575 1975 2401 231 horto in Hedem posito flueris, a Graecis appellantur

602 2046 2382 254 Getha, et Garges : Crediderunt q. Eusebius, et Hierorx

615 2122 2365 276 mus esse Gangem, Iudaei uero, et Rabbi Moses Ma

620 2224 2373 263 mon Nilum, nonnulli Indum, Eugubinus partem illat

633 2327 2369 254 Euphratis, quae fluit uersus chauilam regionem inter

642 2411 2307 264 Arabiam, et Mesopotaniiam. quam regionmm alij uo

2605 2483 353 147 , Vaino

669 2536 1860 183 unt Cabaliam, et Cabanam. Ex illis ⸤Iose

477 2585 2454 254 p, Plileum Germaniae opp. Gruningen dicitur in phrisia e

638 2648 2418 276 Gruno conditore, uel a Grunibus populis : patria Rodul

660 2755 2191 281 phi Agncolae doctissimi uiri. Ex Altaero, Munstero.

1343 2826 1664 223 rbs ab Ione Duce Atheniensi condita

642 2946 616 192 hocaea Æolidi

495 3040 727 183 38lec dicta quo

1356 2933 1637 201 hocae multae eos ſecutae sint, qui eam

660 3009 2387 321 fabricarunt, Folia uetera nuunc est. Ex Stephno, Muunsteo

624 3094 2414 352 hoenica Mesopotamiae urbs, Bezabde inde dicta. Ex Arn

664 3392 322 103 miano

477 3187 2592 424 co phocnice uraecia Intula XXν M p. lngitudine, los deia

704 3330 2294 343 e uocata, Homeri Sepulehro ueneranda, ut quidam pr

1851 3428 1218 218 ſſomeri matrem oraculum dt

673 3535 1107 245 tant. Ex hac etiam fuist

1963 3584 321 143 ephano

687 3633 1209 250 stondio. Ex Strabone, Plimo,

2427 3682 580 174 etiam dicta a

660 3593 2374 401 hoenice prouincia in Asiai, que est ora maritima Syri

1592 3785 768 169 elusium : phoenicia

691 3865 754 192 ab orchosia usqu

722 3798 2347 361 phoenice Neptuni, uel Agononis flio : uel quid incolae ue

709 3892 2360 361 nerint a mari Erythraeo, qui ſuu colone fuluo, qui phon

713 4008 2347 316 niceus, et Euythraeus dicitur Antea Rhabbothe appellata

1909 4088 1138 227 rabone, Plinnio, Sephanco, et

745 4204 1030 214 olpites, et Canaa Ly

2503 4244 647 165 d Strabonen is

727 4333 580 281 ſcarj, Aono⟩

1369 4378 504 169 adum una

2034 4293 308 223 mnddo

2842 4342 267 187 decim
