3698 5310
2032 384 332 129 Liber

1036 513 2608 186 5 Pagasae, et pagassa Thessaliae urbs in ſinu pagasitico, dicta

1279 623 2356 146 a fontibus, qui in eo loco ſunt, uel quod ibi Argo nauis com

1275 725 2352 146 pacta fuerit : Demetrias quoq. quoniam Demetrius polio⟨r⟩

1275 792 2356 141 cetes in Thessalia condidit Demetriadem, et aliquot oppidori⟨⟩

1271 876 2356 137 incolas in eam transduxit, pagasarum etiam. Fuit nauale

1275 969 1674 132 pherarum. Ex Strabone, Plinio, Varino.

1085 1004 2528 221 6 Palastina prouincia inter Syriam, Libanum, Arabiam, Ægyp

1275 1106 2338 199 tum, et mare, philiſtina dicta fuit a philiſtino Nembrot⟨

1271 1203 2342 190 filio, ubi erant philistini, philistaei ue, Chananaei, et pher

1288 1340 2325 124 ſaei : postea diuisa in Idumaeam, et Iudaeam. Idumaea est

1288 1416 2316 159 phoeniciam uersus, continet q. Samariam. Iudaea autem eſt

1293 1500 2316 159 regio mediterranea uersus Syriam inter Gazam, et Antili¬

1288 1601 2290 164 banum; quae proprie fuit Chananaea a chanaeo

1275 1690 2325 155 Ham filio: Iudaea autem dicta fuit ab Iuda filio Iacob,

1271 1783 2347 172 uel Semiramidis, ut ait polyhistor: uel ab Iudaeo Spar¬

1279 1889 2308 150 tano, qui cum Baccho militauit : uel a tribu Iudae : Sic

1284 1977 2325 164 primum appellata dicitur a Neemia, qui Xerxis temporib⟨us⟩

1271 2075 2342 164 Hierusalem templum q. instaurauit. Huius Iudaeae pars

1262 2172 2338 137 Syriae iuncta Galilaea uocatur: pars Arabiae et Ægyp

1271 2265 2333 173 to proxima peraea ⟦dicitur⟧. Incolae passim nominantur

1275 2367 2338 150 Iudaei : ipsi uero Seipsos appellant Hebraeos ab Heber

1279 2460 2321 159 certe, a quo deſcendit Abraham : uel, ut malunt Iud⟨⟩

1271 2579 2325 129 et Theodorito placet ab Abrahamo ipso, qui Dei iussu

1275 2677 2321 132 Habar hoc est transiuit Euphratem in terram cha

1275 2787 2329 129 nanaeorum, quam eius posſteri Hebraei possessuri erant

1284 2876 2320 119 Palaeſtina ipsa nunc uocatur Terra Sancta propter

1271 2955 2338 138 Christum Iesum Sotera ibi natum passumq. ut eius ⟨⟩

1262 3066 2338 124 te nos uitam reciperemus. Ex Mose, Iosepo, Plinio

1266 3155 2321 128 ptolemaeo, Hieronymo, Euthymo, Stephano, Zonara, V⟨a⟩

1266 3225 691 133 rino, Eugubino.

1054 3292 2515 141 7 Palantia in Hispania Tarraconensi urbs a Pelatoo Reg⟨e⟩

1248 3385 2348 141 Condita, palentia nunc dicitur, uel Valentia uetus. Ex

1271 3504 894 93 Beutereo, Munstero.

1062 3553 2525 133 8 Palaterna Hispaniae urbs Palatini Hispanorum Regis,

1271 3663 2338 129 a quo in bello Cacus interfectus dicitur, nunc Paterna

1266 3756 713 191 est. Ex Beutero

1062 3836 2410 146 9 Paliacata Indiae Ciuitas, Salacenis est. Ex Corsalo

1049 3933 2555 133 10 Pallura Indiae Ciuitas Caput Comarin dicitur ab eodem

1213 4026 2391 137 quod tamen Barrosus apud Ptolemaeum esse ait Cory

1248 4119 1914 115 promontorium, quod et Calligicum dicitur.

1023 4208 2586 137 11 Palma urbs in maiori Balearidum, Malorca est. Ex oliuario

1031 4309 2556 138 12 Palmyra Syriae urbs, Syrorum lingua Thadamor ditcta

1240 4402 2338 146 a Salomone condita : postea Adrianopolis appellata a

1235 4500 2352 141 principe. Cuius urbis causa discordiae fuere inter Pro

3480 4593 102 101 ma
