3595 5350
1525 539 321 169 priuus

869 659 2404 188 perrhaebis ab Ænia urbe uocati qui olim Melieis dice

566 802 2712 218 33 Ænos urbs Thraciae ab Æno amne dicta, ubi Polydori tumu

860 749 1343 169 bantur. Ex Stephano, Eustathio

887 913 2413 201 us fuit : olim Apſynthus, et Poltiobria, tanquam polti

842 998 2427 219 urbs : quam Veneti incendere anno 1470. Ex Stra¬

878 1092 1494 196 bone, Plinio, Stephano, Sabellico

758 1177 2480 240 Ænos Insula in felici Arabia, Poltymbria appellata te

548 1359 2761 268 4 Æoles Asiae populi ab Æolo dicti, olim Helysei ab Helysa

820 1279 1271 165 ſte Apollodoro. Ex Stephano

834 1484 2386 214 filio Azae, nepote Iapheti: Tragae etiam a Trat

847 1591 2462 232 palude. Ex Graecia traducci fuerè in Asiam, et propor

842 1698 2351 219 tidis oram ab Hermo usq. Cyzicum ab Archelao

847 1814 2516 268 penthsli filio, et orestis nepote, et a Cleua, Malaog

834 1975 2506 227 qui et ipsi ex Agamemnonis genere fuere. Ex Stra

566 2135 2690 259 15 Æolia Insula prope Siciliam ab Æolo, qui Iliacis temporibus

842 2064 1022 165 bone, Iosepo, Varino.

842 2264 2467 259 ibi regnabat : Palmosa est. Ab hac Insulae Æoliae

851 2376 2449 258 dicuntur, quae Vulcaniae a Latinis, a Graecis Hephestin

847 2487 2417 259 des, et Lipaaeorum appellantur : Septemq. ſunt cir

825 2608 2395 276 ca Siciliam, Strongyle, in qua Æolus ipse regna

834 2706 2404 303 ſe fertur. Euonymus: Hiera Vulcano ſacra, quam

829 2844 2346 250 Strabo Hieron Vulcani nominae, et Vulcancu

829 2973 2382 272 popterea nunc appellatur, olim Therasia, uel, uo

829 3107 2462 254 apud Strabonem est Thermiſsa, et Paconia : qua

820 3214 2418 276 ta Lipara, uel Liparis, quinta Didyme, quae Pa

829 3330 2315 285 naria est : et duae aliae Ericodes, et phoenicodes, a

820 3450 2342 290 plinio Ericussa, et phoenicussa dictae ab arbor

816 3557 2435 326 bus, ab Hecataeo ambae phoenicussae : et nunc hae

811 3713 2471 308 phileudi nuncupatur. Ex illis, Stephano, Varino, Bordo

566 3811 2640 281 7 Æpca, et Pedaſus peloponnesi urbs in finibus Messeniorus

820 3945 2462 259 Corone dicta postea, quàm Messenij eam instaurara

807 4061 2493 241 Epimelide Coroneo Boeoto deducendae Coloniae aucto

807 4190 2475 228 re. Hunc Corouocatur. Homerus tamen Æpae

811 4320 2458 200 et pedasum diuersas facit. et Strabo pedasum pa

825 4440 2497 214 ſtea credi uocatam Methonem Scibit, uel Coronenm

2578 499 120 160 7
