3698 5310
1284 504 2294 204 tio qudragit ſuiorum et terminatur Ei heitu

1293 663 2267 155 fus ad promontorium Tamyracem formidostum

1306 765 2276 155 maximè uersus continentem. Ex Strabone, Plimio,

1310 858 891 146 Stephano, Isancio.

1027 938 2555 194 95 Leuci in Gallia Belgica populi, Tullenses ſunt in

1297 1084 1333 150 Lotharingia. Ex Martiano.

1058 1163 2546 199 36 Leucogium promontorium in Ægyeto, Albaacta etiaer

1297 1314 983 168 dicitur. Ex Strabone

1058 1402 2538 204 57 Loucopetra Italiae pomontorium Apennini pars Ex

1297 1531 2303 163 trema Italiae finis prope Rhegium, ubi est tranſie

1302 1623 2302 186 in Siciliam, Bona dicitur, uel caput armorum. Ex

1293 1739 1452 181 Annio, Collenntio, Munstero,

1080 1827 2520 212 38 Leucosyrorum cubitus in Cappadocia, Lirus hodie uocante

1288 2004 944 133 Ex Munstero nr d

1089 2048 2520 217 59 Leucosyrus Ciliciae fluuius, pyramus postea dictu. Ex Stepho

1067 2185 2281 173 10 Leuisum Britanniaeaopp. Leunis est. Ex polydoro

1062 2265 2551 217 11 Lexubo, et Lacobij Galliae Lugdunensis populi, Lisiero

1235 2420 1293 164 appellantur. Ex Marliano.

1071 2491 2538 181 12 Lianium Hedetanorum opp. in Hopania a Masilienst

1275 2615 2325 186 conditum, quo Sertorius usus est receptaculo, Denin

1279 2756 1050 160 Ex Beutero, Munstero

1049 2845 2551 181 63 Libarna Liguriae urbs in Apennino Incisa dicitur. Ex ler

1040 2947 2556 177 14 Libissa Bithyniae urbs Annibalis morse, et Sepulchro illugt

1284 3044 2307 199 Polmen uulgo dicitur Alij caredunt polmen fuiste Puio

1293 3155 2311 168 nium in Bithynia ipsa. Ex Liuio, Solino, Roborto, Mun

1076 3252 2528 186 65 Libora Carpitanoram urbs in Hispania, Ebora, Eluri

1284 3358 2329 190 et Talabrica dicta, nunc  Talauera. Ex Stephaino, Bia⟩

1297 3482 757 155 tero, Munstero

1093 3575 2511 172 66 Licinophorum Insubrum oppidum, Incini plebs, Siue lo

1275 3708 1585 172 chum appellatur. E Cordo, Iouio

1058 3801 2555 199 67 Ligeris Aquitaniae fluuius Loere dicitur, et Loyre Ex⟨

1271 3938 872 137 Rberto, Munstero

1071 3982 2538 221 68 Liuria Italiae prouincia inter Varum, et Macrana

1284 4115 2325 212 X1 M. p. longitudine, dicta a Ligure phaetontis flun

1271 4252 2342 173 uel a Ligya, quem Hercules interfecit, nunc Riperia

1284 4358 2325 239 cenua ncur aimenopueli iesa cenun. Rsi l
