3681 5350
722 570 2352 259 cicemnunt Sorab: qu quibm Eiturni arig

727 766 2373 152 nem habuere ab Amazonibus. Dicebatur etianm

736 873 2400 152 Valeria a Diocletiani fili, uel a Valerio Messa

736 971 2409 192 la Coruino . Sclauonia uero esc pars maitinm

736 1070 2347 187 a Sclauis qui illam ocuparunt nuncupata : qui

749 1185 2401 192 S4laui Sarmatae origine futr, Bastarnae dict

736 1284 2356 236 e2 Vuiltud, uel polius Vandabe. Antiqui uero Ilyrici

718 1395 2400 250 nomine, comprehendisse uidentur omnem eam pro

736 1511 2418 232 uinciam, quae est ab Arsia Istriae, Italiae q. fin

745 1636 2338 214 bui, utq. ad Acoceraunios montes Epiri, inter

754 1743 2338 240 Pontum Euxinum, et lonium maro, lngitudineo

758 1859 2329 245 972 M. P. latitudine qua maxima 325M. P

740 1979 2307 236 in qua regione et Illyricum sit, et Dalmatia, et

754 2068 2396 272 pars quaedam Maudoniae, Noricum, pannoniam, u

749 2189 2369 263 Moesiam regiones eras Istrum. Ex Strabone

745 2291 2427 303 plinio, Apprano, Rusts, Stephano, Zonara,, ÆApre

749 2425 2432 267 Syluio, Bonfio, Sabiaio, crantso, Cuspimao, Bea

740 2581 1589 205 t0 Rhenano, Alciaco, Matthaeolo.

526 2603 2624 308 30 Illyricus ſinuè, quem teste poeta penetraist Ante

749 2741 2409 255 nor, Tergestinus a Plinio dicuis, nunc Galfus To

762 2897 1758 179 ſti. Ex ie, n Itineranio ad Byzantium

553 2938 2579 276 31 Ilua Insula Æthruriae 300 ſtarijs a continenti diſtans

749 3067 2378 232 ſic uocata a Liguribus Huatis, a Graecis Æthale, e

758 3187 2329 228 Æthalia a foraacibus, in quibus conficitur ferrum,

758 3299 2334 214 cuius foecunda est, nunc Elba C M. p. ciruiitu

771 3397 2307 209 duabus arcibus munitissimis Stella, et Falcone

767 3539 2391 201 uocatis ornata a Cosmo Medice Florentinorum

767 3655 2316 201 Duce : ubi fuit Portus Argous ab Argo naui

767 3767 2383 236 uocatus, quae eo appulit Medea Circem haec loca

785 3887 2373 219 habitantem uidere optans, ut in fabulis est. Ptole

776 4025 2400 183 maeus duas fecit Insulas Ilua, et Æthalia, cum

780 4146 2410 191 una tantum ſit. Ex Strabone, Plinio, Stephano

794 4280 1111 169 Iouio, Petro Victorio.

2105 4288 130 139 qz

575 4342 2615 272 3 Ilbrgis, Iurgeta a poybio inundecimo dicta, a Sexto

2980 4489 214 147 pom
