3666 5350
539 686 2685 192 11 Baetica Hispaniae prouincia a Baeti amnedicta, Turdetam

798 829 2399 125 et ab Artemidoro Turtytania alo incolis Tcrdetanis

847 905 2283 138 Tardulis que : quanuis polybius diuersos hos faciat

825 998 2350 156 ſe : qui Augusti temporibus memorandae uetuſtatis Se

798 1096 2399 152 nmillium annorum uolumina habebannt, et Leges caruinn

811 1172 2395 192 nibus conscriptas : nunc partim Granata est, pantiu

807 1257 2404 232 Andaluzia. haec dicitur a Vrandalis, qui Hispaniam fer

811 1377 2386 214 omnem occuparunt : Granata autem b urbe eigi

816 1489 2408 214 quae Illiberis olim, Liberia q. dicebatur Nam falli

820 1609 2391 214 tur qui credunt Granatam fuisse Ilipulam, quae a

820 1689 2404 250 huc Ilipa, et Ilpa dicitur, et uulgo ab Hispanis Sierr

851 1827 2355 214 Vermeia Vrbem, et Regnum cepit Feirdinandus Rex an

833 1952 2355 183 no 1492 Saracenis odmni Hispania pulsis magna

820 2019 2408 219 ſui noninis gloria. Ex Strabone, Plino, Stephano, Sc

829 2162 1824 174 bellico, Gerundensi, Munſtero, Castaldo

619 2197 2609 237 12 Daetire Septumanorum Colonia in Narbonensi Gallia, aStra

825 2318 2444 192 bone Biltera dicta, a Mela, et a Plinio Blitera, ab Ant

829 2416 2422 209 nino Baetere, Besiers est. Ex Vol. Noberto, Munstero

637 2518 2627 192 13 Baetis Hispania fluuius a Baeto Hispaniae ſexto Rege uo

829 2625 2422 161 catus, Tartessus etiam, et Carpia, ab incolis Bera

847 2719 2417 183 nunc Gualdaquiuir Guadalquiuir. Ex Strabone, Pari

847 2826 1467 201 ſania, Stephano, Beutero, Aretio

660 2880 2582 263 14 Baetulon, uuel Baeturo Tarraconensis Hispaniae opp. B

865 3009 2074 214 ſon est, uel Bysuldiuia. Ex Gerundensi, Robertu

798 3111 2484 219 Baetulon fluuius in Hispania, Beson et ipse oicitur, ue

838 3245 1088 147 Besotium. Ex Munſtero.

673 3245 2373 250 15 Baga Aphrica urbs, Theodorias postea. Ex eodenm

660 3361 2604 259 16 Bagradas Aphricae fluius, Magiordech dicitur a Poema

865 3571 428 93 Ex Iouio

660 3553 2635 241 17 Baiacum opp. in Gallin Belgica, Bauacum est in Hana

842 3704 1057 156 nia. Ex Iacobo Meyero

664 3704 2605 250 18 Balanaeae phoeniciae urbs, postea Leucas dicta, nunc Va

865 3838 2381 214 Iat Beona cuius urbis encomion ſcripsit Epicrates

883 3972 1650 183 Balaneotes. Ex Stephano, Munstero

673 4030 2618 227 19 Balaria Hispaniae urbs, Baria, Baraq. est. Ex Munsſt

691 4168 2591 169 t20 Baleares, et Balearides Insulae in meditereaneo cor

869 4253 2426 147 tra oram maritimam Hispaniae inter Tarracon

874 4324 2377 187 et Sucronem Sacuntinorum fluuium, a Baleo

883 4418 2412 200 Iterusis Libyci ſocio dictae, uel quòd phoenices, qui e

878 4525 2408 209 incoluerunu, nudos appellem Balearidas : incolae enin

3184 4641 111 156 ae
