3532 5270
926 496 2351 215 Æpzam esse Thuriam : alij Æpzeam uolunt postea

909 610 2398 171 fuisse uocatam Methonem, et Thuriam eam fui

944 707 2372 197 ſe, quam Homerus Anthyeiam appellauit. Metho

940 812 2363 215 certe fuiit Laconicum oppidum à Methone Dene

944 917 2363 229 filia uocatum, quod nunc dicitur Modon. Ex Sto

948 1036 2171 202 one ipso, Pausania, Eustathio, et Munstero.

672 1133 2653 193 7 Æpine promontorium pelenes, Gonoessa postea dictum

926 1286 585 158 Ex Varino.

636 1317 2671 250 78 Æquicoli populi in Latio, quos ante alios Romani d

931 1436 2403 228 lerunt, montibus Taliacotij adhaerebant. Ex Blondo

707 1572 2412 202 9 Æritas caput Galli est in Graecia. Ex Sophiano

711 1660 2618 224 80 Aerius mons Campaniae pope Cumas, Mise

966 1756 2341 237 ostea a Miſeno Troiano ibi ſepulto. Donatue

957 1892 2293 220 Virgilij interpres montem Æggymnum uocast

707 1993 2631 229 81 Asis Italiae fluuius inter Anconem, et Senegallis

953 2108 2385 245 4lumeſinus dicitur, quanuis ſint qui ÆSin col

944 2239 2385 207 cent inter Vmbros, et Sabinos, dicant q. esse e

3237 2375 141 189 i

975 2375 2187 202 gium Sed Volaterranus Chiagium dicit fuisse

944 2503 2407 180 pam, uel Tiniam , ſeu Lupinum esse, quem Blondu

926 2617 2421 176 Topinum uocat. Ex eis, Strabone, Declaratione

940 2740 979 158 rbium Italicarum

720 2828 2645 228 32 Æſisium Vubriae oppidum, Axis à propertio dictum

948 2977 1116 185 Aſsiſi est. Ex Munstero

738 3074 2622 215 35 Æson urbs Thessaliae ab Æsone Iasonis patre, Æs

975 3219 1805 171 nia a pherecyde dicitur. Ex Stephano

733 3324 2579 184 18 Æstuarium prope Astam Hispaniae, uel Æstuari a

966 3465 2399 158 conualles maritimis aquis refertae, nunc Sanctus

966 3583 1002 163 Lucas. Ex Munstero

724 3649 2632 202 85 Æsymne Macedoniae urbs apud Homerum, a Thcr

957 3794 2403 167 dide uocatur Oesyme, ab alijs Oesema, postea phari

966 3899 2407 154 lia, et Emathia Thassiorum Colonia, nunc Pitio

970 4005 1534 167 tidia. Ex illis, Stephano, Laezio

729 4097 2618 180 86 Æthices Eperi populi apud Homerum, ab alijs Tyrmphaei ap

988 4207 2359 153 antur Theopompus eos collocat in montè Pindo

940 4303 2442 198 Thessaliae, Maroyas inter Tymphaeum, et Athama

1555 390 268 176 Liber
