3666 5350
1552 637 249 94 Primus

2519 601 156 107 28

856 659 2364 143 ſium, ubi erant Scaphonij pontes, qui ab Antonino noturi

878 749 2350 142 nantur, ut ait Lazius. Ipse tamen Abbas Vrspergensis ſcri

860 847 2395 142 bit hanc nunc uocari Augustam urbem insignem Sue¬

842 940 2386 147 uiae, Boioaniae olim metropolim, Sic à Claudio Druso

847 1038 2395 152 uocatam, qui eam instaurauit, cum Zizere diceretur

949 1150 455 129 a zize Dea

553 1194 2702 214 386 Augusta Vessonum in Belgica, Soissons dicitur, uel Demont

896 1328 825 134 Ex Annio, Munstero.

561 1382 2681 187 387 Augustana castra in Norico, Gastanium est, aurifodinis, et

842 1484 1945 178 Salubribus aquis notum oppidum. Ex Lazio.

561 1555 2614 201 388 Augustia Daciae opp. kusty est in Transyluania. Ex eodem,

561 1671 2654 192 389 Augustonemetum Galliae urbs, Nemossus a Strabone uocata

847 1769 2297 179 Aruermorum metropolis, nunc Neuers. Ex Munstero.

579 1845 2663 219 390 Augustoritum Pictonum urbs in Aquitania, pontieri est, et

847 1979 1191 178 Gallice Poictiers. Ex eodem.

579 2010 2641 241 391 Aulerci, aut Aulirci Galliae Narbonensis populi in Senno

838 2095 2364 245 nenſi prouincia, Aurelienses dicutur esse à Sabellico.

615 2220 2364 200 392 Auloli Aphricae populi, Galaules postea dicti. Ex Orosio.

606 2309 2587 218 393 Aulon, ab Hecataeo, et Strabone Aulonia dicta propter

874 2389 2296 219 propinquum αύλδνα, urbs Italiae, Caulonia prius ap

847 2483 2381 209 pellata fuit ſub Crotoniatarum Imperia. Ex Stephano

597 2594 2640 223 394 Aurea cherrhonesus in India, nunc est Malacha Prouin

842 2701 2337 179 cia ab urbe Malacha, quam Ptolemaeus Tacolam

838 2813 2390 214 emporium nuncupat. Sed Malaici ipsi Malacham ur

842 2946 2351 165 bem dicunt trecentis abhinc annis conditam fuisse a

825 3040 2368 187 quibusdam ex Iaua lnsula fugientibus. Est ſub Lu

847 3165 2274 192 ſitanorum Imperio. Ex Emanuele Rege Portugallia

811 3276 2359 179 Maximiano Transyluano, Andrea Corsalo, Munstero,

847 3406 370 151 Barroso.

606 3490 2609 174 395 Aurelia Æthruriae urbs, Arezeo est, quod Arrhetion Ste

829 3606 1271 147 phanus appellat. Ex Villano

602 3682 2484 187 396 Aureus mons in Pannonia, Meczek dicitur. Ex Lazio

588 3794 2649 169 397 Auringe Hispaniae urbs, prope quam Carthaginenses ui

811 3914 2417 134 cti fuere a Romanis Scipione Duce, Aurice est. Ex Beu

2992 3981 263 129 tero

606 3999 2337 156 398 Aurinini, uel Aurunini Æthruriae populi, Satur

829 4092 1565 147 nini postea dicti. Ex Plinio, Annio

606 4173 2596 196 399 Auripolis Germaniae Ciuitas, quam Caelius Calcagni

842 4293 2395 134 nus Ferrariensis homo doctissimus Aureopolin uocat

842 4400 2395 147 hoc est auream urbem, Ingolstadium est in Bauania

811 4507 950 143 Ex Luca Gaurico.

588 4525 2636 249 400 Aurunca urbs Samnitum in Campania condita ab

3046 4641 169 178 Au
