3595 5350
1507 566 317 183 prinus

2560 584 125 156 13

865 655 2359 178 ur Auguista urbis Fuliae Gaditama, nunc Calia. Ex pol

878 780 2266 169 pi0, Strabone, Mela, Plinio, Sephano, Volaterrano, Oa

856 891 714 129 naurio, Marineo

521 913 2761 192 39 Amaltcha Ieraarum urbs, ubi cuphratijs per Antituuri uallis eeamt

847 1043 1971 134 pentis tranſitus est, Malacha diciturs. Ex Iouio.

530 1114 2734 187 150 Amana fluuius prope Damascum, Abana etiam uocatur. Ex Mter

553 1221 2653 214 131 Amandrus locus in Asia ubi Paris trginta armis degen

865 1341 2373 170 apientium didicit, Veneris q. hymnum conscripsit, in quo

842 1453 2369 174 ipsam Mineruae, et Iunoni praeferebat, unde fabula,

842 1578 2382 165 de paridis inditio orta: locus postra ab e0 Parins di

825 1685 829 142 ctus. Ex Suidae.

553 1761 2716 196 32 Anantia Illyric pars prope oricum, et Corcyram A¬

825 1885 2475 143 mantinos a Callimacho dicta populi Abantes, quoniae

851 1975 2369 147 Abantes ex Euboea a bello Troianr redeuntes hanc

842 2090 1593 130 partem naoluerunt. Ex Stephano

570 2166 2663 170 3 Amaſia Germianiae urbs, Amissa a Stephano dicta, nunc

820 2287 1289 142 Marepurginm. Ex Munstero

548 2336 2725 187 134 Amaſius Germaniae fluuius ptolemaeo, Amisius Melae

2760 2447 304 89 uel Ens

383 2465 2819 169 Puntno, u Amasia Strabomi, Amisias Tacito, Emsgest, in

535 2563 2685 152 ( quo Drusus Bructeros nauali praelio ſuperauit. Eu

566 2661 2658 201 155 Amastris Bithyniae urbs uel paphlagoniae ab Amastri

842 2773 2360 200 de Duiysis Heracleae Tyraiini uxnre, Oxyathri Dare

829 2897 2355 197 ratris filia, quae eam condidit Ex ciuibus quatuor

816 3022 2306 196 ulium Sesami, Cytori, cromnes, et Teiis, nm

798 3143 2355 205 Euistr Suiet Suinstrum, et prius Cromna, et St

798 3285 2386 161 mum, uel Sesamus, in qua habitauit phineus. Strali

802 3383 2364 183 tamen dixit Seſemum esse arcem Amastridis, Dio

820 3490 2378 205 nus uere Insulam. Ex iis Plinmo, Stephano, Eustathis

793 3637 473 139 Munstero

566 3704 2681 214 36 Amatha in Arabia diicitur Aematha : nonnn habuit al

776 3856 2448 147 arena. Aiunt enim magnam Arabiae partem inun

2198 3927 710 130 Grenaquereeletag

789 3958 2275 165 datam fuisse a mare Erythraeo, Ex Stephano

535 4034 2698 223 137 Amazones fuern ai Thermodontem genere Scythae dica

767 4168 2462 196 ab Amazo Reginae filia, uel quod alteram Ex Fo

798 4280 2471 196 nuozhae mamnnis ſcilicet ntilatum haberent. Sauro

771 4395 2485 210 matides appellatae, qudd Sarmatia, quae est in A¬

762 4502 2543 250 ſia incoluerint : Sauropatides a lacertis, quos erebat, quos

3095 4712 187 116 què

753 4734 2520 205 aſluuio oppidum Ems, uel Ens dictum ad conſtuntes Amasij,

767 4855 2493 156 et Danubij a M. Aurelio Caesar e conditum in Styria, qul

776 4908 2453 201 Laureacum elim fuit. Ex illis, Vadiano, Insciptionibus ainit

758 5002 633 196 qeuitais, Laio

62 2367 326 334 Ezaz

62 2545 361 134 asco.
