3698 5310
978 504 2631 195 32 Peligni Italiae populi, Valuenses, pinerses q. ſuut in Ali¬

1257 628 2339 168 tiò, quorum metropolis fuit Sulamo Ouidij patria. Ex Blan

1009 716 2578 222 35 Polignum, pelenumus Italiae opp. palomon est Ex Munstaro

1257 738 394 107 Munſtero

1023 823 2564 225 14 Pelopeia, Pelopeui Lydiae urbs, Semiramis uocata fuit

1266 924 2330 195 Suhippa, Mysorum extremitas, quoniam a Myſis condi

1275 1013 2325 190 fuit, et Thyatira a Seleuco Nicatore, filia illi nac

1271 1106 2320 181 quando cum Eysimacho bellum gerebat, quasi ſcilicet

1257 1194 2316 199 gatera. patria Nicandri Grammatici, et Lydiae illius

1266 1287 2325 204 pcupurariae, quae in paulum Apostolum et, ſocios ce

1058 1464 2542 204 45 Pelorum Siciliae promontorium, Caput fari est. Ex Horcu

1253 1371 2338 199 lratur a piuo Luca. Ex Strabone, Pli. Stephe. Vadiano

1058 1553 2542 274 93 Pelusium urbs Ægypti, ubi esſtuit primum osſtium Hili¬

1248 1615 310 124 Nucula

1279 1690 2330 230 ludaeis dicitur Sin, ab Iehezetcele popheta phibaeset

1257 1814 2064 177 nunc Belbeis. Ex Stephno, Corio, Munstero

1231 1893 2369 191 elusium nicus in Venetia, pelosella est in Veronensi¬

1058 2057 2391 204 57 Peneropolis Thraciae urbs, preserem est. Ex Munstero

1257 1995 1732 173 gro. Ex Alexandro Suarino terrarienxe

1054 2132 2542 199 58perasia phoeniciae urbs, Castabala postea dicta. Ex Stephano

1071 2230 2219 212 Sperge in Æthruria, nunc palus dicitur. Ex Blondo

1062 2309 2529 217 Doporinthus Thraciae ciuitas in propontide a perintho Epida

1231 2416 2351 190 uocata.: Heraclea a Lyco, qui ab Herccle Bebryciaa

1248 2513 2325 186 no accepit : postea pera Genuensium colonia, e

1257 2610 2339 173 antiquissimi patria, quam cum Bygantio Turcae ce

1266 2685 2352 208 runt. Ex Thuydude, Nicephoro, Stephano, Aumiano, Toss

1071 2832 2175 194 6i peruinlus Rhaetiae mons, perlinger est. Ex Lazio

1333 2823 314 110 unstero

1058 2924 2546 200 6tpersae populi in Asia aeleberrimi intar duo maria per

1244 3026 2356 182 cum, et Hyrcanum, a perse Medeae, uel Andromedae flu

1253 3124 2343 177 dicui iprius Achemeni ab Achemene Ægaei filio eoi

1257 3208 2352 194 primo Rege, uel Achaemenidae ab Achaemene perssi He

1244 3309 2356 186 ſic uocato, quod eius auus ex Achaia fuerit : a Sei

1248 3398 2348 203 sis Artaei dicuntur, ab Iudaeis Elamitae ab elam fe

1262 3491 2334 208 Sem, a Scythis Cdrsari, nunc Agiaij, et antiquo

1262 3597 2338 190 nomine persae. Olim uero transierunt in partho

1266 3694 2338 182 rum nomen : eorum q. Regna duode vigrnti fuere inca

1262 3796 2316 173 illa duo maria, ex quibus undecim ſuperiora dicunt

1244 3871 2343 204 tur incipientia a confinio Armeniae Caspij q Hitter

1257 3969 2325 208 bus, reliqua ſeptem Regna, inferiora appellanitur. Ex

1262 4079 2338 177 Iosepo, Plimo, Acrone, porphyrione, Stephano, Varino

1049 4168 2551 172 6s perseropolis peloponnesi urbs, Midea dicta a Midea flius

1244 4278 1763 164 Aloëi, tandem uero Come. Ex Stephano

1031 4363 2578 239 Seperricus ſicus in Ana perpituo racua ſens iuibs
