3689 5270
935 601 2402 180 rato, Scythopolis, Assorquè dicta, et Epidaphne, ab Iuiae

961 711 2424 167 ſtamath, et Reblata, quum Abraeae ſerui fabricarunt. A

988 830 2376 188 Theddosio Caesare uocata fuit Theupolis, uel ab Iuste

979 926 2385 220 niano, quod ibi prinmum chriſtiani nuncupati ſint. Sue

983 1054 2407 202 quòd post terranotum ſerunta fuisset. Ex Plinio, Stea

952 1159 2152 241 phano, Ootthone Fuisigense, Volaterrano, Munstero

869 1256 2516 276 Antiochia in Caria prrope Maeandrum, Athymbra dicta

966 1396 2428 215 et Pythopolis à Pythe illo, qui Xerxem hogitio ſuscepis,

1014 1528 1300 175 postea Nyssa. Ex Stephano

944 1585 2463 250 nuoc tia pisidarum coloni, Cesanea etiam appellata Ex

992 1756 848 154 pplinio, Munstero

909 1787 2266 237 Antiochia in Arabia, Edessa postea dicta. Ex Plimo

917 1897 2447 224 Antioc hia Atticae Ione nuncupata, quam habiturunt Ar

979 2072 760 150 ui. Ex Stephano

904 2077 2354 281 Antiontia in Colicia Antiocheta Iicitur. Ex Munster

606 2204 2744 268 20 Antipatris palaestinae urbs Dora dicta, et ab Iudaeis Capha

988 2349 2362 202 ſalama, uel, ut est apud Iosepum, Carphasaba, nunc

988 2459 1827 224 ſur, uel Arsur. Ex Roberto, Iustiniamo

606 2547 2775 263 211 Antipotis Galliae Narbonensis opp. Ragne est. Ex Oliuno

794 2683 2591 193 Antipolis Lyciae urbs, antea Habessus, nunc Enicea Hermolai

992 2793 2402 184 apud plinium pro Habesso legit Edebessum ex Capit

1001 2907 2411 171 ne, uel Cubessum ex Hellanico : quannis Hecataeus Ca

992 3021 2433 184 bessum cellocet in Cappadocia, quam Homerus Cabas

1010 3157 1581 158 ſum appellauit. Ex Plinio, Stephano.

619 3236 2775 207 212 Antipyrgus Aphricae urbs, Tetrapyrgia aStrabone dicitur, no

1001 3381 962 145 Lucho. Ex Munstero

671 3482 2714 154 233 Antiuestaeum in Britamia, Boderia a Ptolemaeo, à Dioi

1010 3601 2424 149 ro Belerium appellatur, et modo Sanatus Burien. Ex illio

689 3689 2701 184 214 Antium Italiae opop in Latio,  Eo ſtadijs al Hostia di

1027 3816 2402 171 ſtans, cum portu in mari facto, Hetes, Antheia, et

1010 3917 2433 176 a quadrato Anthium dictum, a Mario, et Cinna ep

1049 4022 2372 207 pugnatum, dirutum postea, ex ruinis Neptunum

1036 4141 2420 219 conditum oppidum Columnensium in litore. Ex Licb⟨⟩

1014 4268 1928 180 Strabone, Stephano, Blondo, Munstero.

733 4382 2727 172 215 Antona Britanniae fluuius Sabrinae ostium ingredino

1071 4488 2328 167 deuia, Veius uà dicitur in Vuallia. Ex polydoro, Ioui

3280 4611 163 167 An

1576 518 391 158 Liber
