3681 5350
669 584 2414 222 ao Strabonem Betiona, qi tanmn nunc Lima dici

691 740 2128 165 tur. E Strabono ipso, Plinio, Beutero, Munstero

437 811 2650 192 52 Letois hoc est Latonae pagus in agro Ephesino, postea La⟨⟩

691 936 2360 142 torea uocatus ab Amagone quadam, ut Sripsie Alci

691 1034 2405 174 phron Maeandrius. Ibi nascitur uinum pramnium ce

691 1154 2423 174 lebre : quod alij uocri dicunt a Pramne, Pramneio ui

678 1257 2454 187 monte in Insula Icaro, ubi primum nata Sit uitis hun

682 1391 2401 164 uinum ferens, que uitis ab externis icpai uocetur, ab

691 1515 2396 152 Oenoëis autem Olorooao. Et enim Ooenoë urbs in

696 1622 1758 134 eaem Insula. Ex Athenaeo, Eustathio

428 1712 2623 164 35 Leucaethiopes Arabiae populi, alio nomine Troglodytae

700 1823 2351 169 chthyophagi, et Volg dici, nunc Michoi : eorum enim

709 1943 2400 161 regionem prisci Michoen, alij Midoen dixere, postea

691 2050 2423 165 noelodytiaem : ſub terra domus habent, inde Erembi

704 2171 2414 147 et Erembaei uocantur. Hellanicus uno Erembes dicti

727 2269 2405 138 habitare ad Nili fontes : quos populos Theouiti inter

722 2376 2410 151 pres Blemyas ait esse in Æthiopiae finibus, Sii appella

731 2487 2427 165 tus a Blemye (ut et apud Stephanum legendum est Ex

718 2594 2347 161 uno ex tibus Dcuibus Deriadis, qui um Bacho po

754 2697 2413 183 gnarunt, qui Dues fuere Blemys, uel Blemmys ille, oroui

740 2808 2396 188 tes, et orandes. Haec gens rerum omnium egentisima

731 2924 2401 183 est, ut pote quae lacertibus uiuat. Ex Strabone, Plimo

722 3040 1691 170 Stephano, Isaacio, Varino, Barroso.

481 3125 2611 178 24 Leuce Scythiae Insula in ponto Euxino ubra fluuium

736 3232 2391 174 Salmydesum, qui Celtram paludem facit : dicta quod

745 3334 2405 183 candens ſit ex Spuma undarum : uel quòd eam aus

754 3450 2342 156 albae incolant : Spilos etium appellata, Macaron

745 3544 2382 165 et Macare, postea ab Achulle Achilbi Insula, et Achillea

749 3664 2409 174 poper trimuluma ciub uiri, uel quia credunt Heroa ipsum

776 3794 352 120 in ea cis

1115 3771 1927 165 un Medea degnr. Ab ea 125 M. P. diſtat

986 3878 84 89 ho

758 3892 2387 151 ⟦ltis nille ferè ſtndioria longitudnr, uel Do M. P. latiu

1235 3878 304 85 aeino

758 3990 2351 151 dine ubi maior duorum ſtndiorum, ubiminor tertia

771 4097 2307 165 panis Stadij, ad formam glulij intransueosum porrecri

767 4213 2383 174 diſtuns ab utraqe. pautr continentis stadijs Do, qui qui

776 4320 2374 174 dem Achillis dronitos dicitur: hunc eim Achdles currgn

794 4409 2387 218 perficit quaerens Ipigeniam. In eitus medio est ulidsans

3042 4578 76 165 u
