<?xml version="1.0" encoding="UTF-8"?>
<alto xmlns:xsi="http://www.w3.org/2001/XMLSchema-instance"
      xmlns="http://www.loc.gov/standards/alto/ns-v4#"
      xsi:schemaLocation="http://www.loc.gov/standards/alto/ns-v4# http://www.loc.gov/standards/alto/v4/alto-4-2.xsd">
  <Description>
    <MeasurementUnit>pixel</MeasurementUnit>
    <sourceImageInformation>
      <fileName>Cod_174_f109v.tif</fileName>
      
    </sourceImageInformation>
  </Description>
  
  <Tags>
    <OtherTag ID="BT98" LABEL="MainZone" DESCRIPTION="block type MainZone"/><OtherTag ID="BT99" LABEL="RunningTitleZone" DESCRIPTION="block type RunningTitleZone"/><OtherTag ID="BT100" LABEL="QuireMarksZone:catchwords" DESCRIPTION="block type QuireMarksZone:catchwords"/><OtherTag ID="BT101" LABEL="TitlePageZone" DESCRIPTION="block type TitlePageZone"/><OtherTag ID="BT110" LABEL="MarginTextZone:note" DESCRIPTION="block type MarginTextZone:note"/><OtherTag ID="BT111" LABEL="NumberingZone:page" DESCRIPTION="block type NumberingZone:page"/>
    <OtherTag ID="LT41" LABEL="headingLine" DESCRIPTION="line type headingLine"/><OtherTag ID="LT43" LABEL="InterlinearLine:correction" DESCRIPTION="line type InterlinearLine:correction"/><OtherTag ID="LT85" LABEL="DefaultLine" DESCRIPTION="line type DefaultLine"/>
  </Tags>
  
  <Layout>
    <Page WIDTH="3698"
          HEIGHT="5310"
          PHYSICAL_IMG_NR="225"
          ID="eSc_dummypage_">
      <PrintSpace HPOS="0"
                  VPOS="0"
                  WIDTH="3698"
                  HEIGHT="5310">
        
        <TextBlock HPOS="903"
                   VPOS="566"
                   WIDTH="2741"
                   HEIGHT="3907"
                   ID="eSc_textblock_a69b784b"
                   TAGREFS="BT98">
          <Shape><Polygon POINTS="3644 654 3627 4455 1240 4473 1151 4278 1169 3292 938 3181 956 3079 1186 2933 1204 1770 974 1539 1164 1469 1204 1345 1147 1234 956 1181 903 796 1217 690 1293 584 2550 566 3627 601 3644 654"/></Shape>
          
          
          <TextLine ID="eSc_line_73824820"
                    TAGREFS="LT85"
                    BASELINE="1271 641 2449 641 3596 694" 
                    HPOS="1262"
                    VPOS="486"
                    WIDTH="2334"
                    HEIGHT="248">
            <Shape><Polygon POINTS="1271 641 1266 500 1333 486 1333 486 1333 486 1337 486 1337 486 1341 486 1341 486 1341 486 1346 486 1346 486 1364 504 1448 566 1581 513 1585 513 1585 513 1589 513 1589 513 1594 513 1594 513 1594 513 1598 513 1598 513 1603 513 1603 513 1696 570 1802 539 1806 539 1806 539 1806 539 1811 539 1811 539 1815 539 1815 539 1815 539 1820 539 1820 539 1820 544 1860 579 2028 579 2103 539 2103 539 2103 539 2103 539 2108 539 2108 539 2108 539 2112 539 2112 539 2116 539 2125 539 2223 566 2245 548 2289 508 2289 504 2289 504 2294 504 2294 504 2294 504 2298 504 2298 504 2302 504 2617 508 2617 508 2617 508 2621 508 2621 508 2776 570 2794 579 2807 575 2847 557 2847 557 2852 557 2852 557 2852 557 2856 557 2856 557 2856 557 2860 557 2936 579 3011 601 3064 588 3175 553 3179 553 3179 553 3184 553 3184 553 3184 553 3188 553 3277 579 3325 535 3325 535 3330 535 3330 535 3330 535 3334 535 3334 535 3339 535 3339 535 3339 535 3343 535 3343 535 3343 535 3348 535 3348 535 3348 539 3410 606 3418 615 3591 615 3596 694 3591 734 3454 734 3449 730 3449 730 3445 730 3445 730 3445 730 3441 730 3441 725 3392 699 3117 716 3046 721 3042 721 2860 716 2860 716 2860 716 2856 716 2856 716 2838 708 2785 685 2524 699 2431 703 2426 703 2426 703 2426 703 2422 703 2422 703 2418 703 2418 703 2418 699 2413 699 2413 694 2395 677 2311 677 2267 690 2232 703 2227 703 2227 703 2227 703 2223 703 2223 703 2121 685 2077 681 2063 685 2032 699 2032 699 2028 699 2028 699 2028 699 2023 699 2023 699 2023 699 2019 699 2019 699 2015 699 2015 699 1997 685 1970 668 1815 677 1634 690 1629 690 1629 690 1629 690 1625 690 1625 690 1620 690 1620 690 1620 685 1616 685 1607 672 1598 663 1585 672 1563 685 1558 685 1558 685 1558 685 1554 685 1554 685 1554 685 1550 685 1262 659"/></Shape>
	    <String CONTENT="dicimo legendum ests a pholoandio Minonis fliodiuta, aubi"
                    HPOS="1262"
                    VPOS="486"
                    WIDTH="2334"
                    HEIGHT="248"></String>
          </TextLine>

          
          
          <TextLine ID="eSc_line_fcb55742"
                    TAGREFS="LT85"
                    BASELINE="1253 730 2573 738 3352 769" 
                    HPOS="1244"
                    VPOS="641"
                    WIDTH="2108"
                    HEIGHT="164">
            <Shape><Polygon POINTS="1253 730 1257 641 1350 663 1558 646 1603 646 1607 646 1607 646 1607 646 1612 646 1612 646 1612 646 1616 646 1616 646 1616 650 1643 668 1798 654 1851 650 1851 650 1855 650 1855 650 1895 654 1992 672 2108 659 2183 654 2183 654 2187 654 2187 654 2192 654 2192 654 2192 654 2209 663 2236 677 2356 668 2466 659 2471 659 3348 694 3352 769 3348 787 3148 805 3144 805 3144 805 3144 805 3139 805 3139 805 3139 805 3135 805 3135 805 3135 800 3117 783 3113 778 2905 774 2896 778 2874 800 2874 800 2874 800 2869 800 2869 800 2865 800 2865 800 2865 800 2860 800 2860 800 2860 800 2856 800 2856 800 2856 800 2852 800 2821 778 2812 774 2781 778 2630 796 2630 796 2626 796 2626 796 2395 769 2347 765 2342 769 2307 792 2302 792 2302 792 2302 792 2298 792 2298 792 2294 792 2294 792 2068 769 1904 787 1904 787 1899 787 1899 787 1740 761 1629 783 1629 783 1629 783 1625 783 1244 743"/></Shape>
	    <String CONTENT="rato Sideries appellatur, ob etus asperitatem. Ex St"
                    HPOS="1244"
                    VPOS="641"
                    WIDTH="2108"
                    HEIGHT="164"></String>
          </TextLine>

          
          
          <TextLine ID="eSc_line_96704ebf"
                    TAGREFS="LT85"
                    BASELINE="943 814 2480 827 3210 858 3600 902" 
                    HPOS="934"
                    VPOS="708"
                    WIDTH="2666"
                    HEIGHT="207">
            <Shape><Polygon POINTS="943 814 943 708 1372 712 1372 712 1554 725 1563 730 1563 730 1567 730 1567 730 1567 730 1572 730 1572 734 1603 761 1696 730 1731 721 1736 721 1736 721 1736 721 1740 721 1740 721 1744 721 1744 721 1744 721 1775 734 1837 765 2165 747 2449 734 2453 734 2453 734 2453 734 2573 761 2666 738 2670 738 2670 738 2674 738 2674 738 2674 738 2679 738 2679 738 2683 738 2683 738 2683 743 2714 769 2732 783 2838 769 2914 765 2914 765 2918 765 2918 765 3011 778 3077 787 3091 778 3113 761 3113 761 3117 761 3117 761 3117 761 3122 761 3122 761 3126 761 3126 761 3126 761 3131 761 3201 783 3224 792 3228 787 3255 765 3255 761 3255 761 3259 761 3259 761 3263 761 3263 761 3263 761 3268 761 3268 761 3272 761 3272 761 3272 761 3277 761 3317 787 3325 796 3600 800 3600 902 3591 915 3082 880 3042 902 3029 907 3029 907 3029 907 3024 907 3024 907 3020 907 2705 902 2705 902 2705 902 2701 902 2701 902 2670 889 2626 871 2550 885 2488 898 2488 898 2488 898 2484 898 2484 898 2484 898 2480 898 2435 885 2395 871 2360 880 2329 889 2325 889 2325 889 2320 889 2320 889 2320 889 2316 889 2316 889 2294 880 2254 858 2032 858 2006 871 1975 885 1975 885 1975 885 1970 885 1970 885 1966 885 1966 885 1966 885 1961 885 1961 885 1961 885 1957 885 1957 885 1939 867 1926 854 1820 854 1798 862 1775 880 1771 880 1771 880 1771 880 1767 880 1767 880 1762 880 1762 880 1762 880 1758 880 1758 880 1709 862 1687 854 1665 858 1598 880 1594 880 1594 880 1594 880 1589 880 1589 880 1585 880 1483 854 1461 849 1443 854 1390 871 1386 871 1386 871 1386 871 1381 871 1381 871 1381 871 1377 871 1377 871 1372 871 1372 871 1372 871 1350 849 1341 845 1306 849 1147 871 1147 871 1142 871 1142 871 934 836"/></Shape>
	    <String CONTENT="102 phrada peroidis urbos inter Drangis popubos, ab Alexanddo"
                    HPOS="934"
                    VPOS="708"
                    WIDTH="2666"
                    HEIGHT="207"></String>
          </TextLine>

          
          
          <TextLine ID="eSc_line_3e76923c"
                    TAGREFS="LT85"
                    BASELINE="974 977 1771 986 3587 1062" 
                    HPOS="969"
                    VPOS="880"
                    WIDTH="2618"
                    HEIGHT="208">
            <Shape><Polygon POINTS="974 977 969 898 1257 880 1262 880 1262 880 1262 880 1266 880 1266 880 1266 880 1271 880 1271 880 1271 885 1297 907 1297 907 1324 907 1815 902 1820 902 1820 902 1824 902 1824 902 1895 929 1899 929 1926 929 2183 920 2187 920 2666 955 2736 960 2750 960 2856 938 2856 938 2856 938 2860 938 2860 938 2865 938 2865 938 2865 938 2918 964 2971 942 2971 942 2976 942 2976 942 2976 942 2980 942 2980 942 2984 942 2984 942 2984 942 2989 942 3029 969 3095 946 3100 946 3100 946 3100 946 3104 946 3104 946 3108 946 3108 946 3184 973 3184 973 3184 973 3343 955 3343 955 3348 955 3348 955 3582 991 3587 1062 3582 1088 3051 1088 3046 1084 3046 1084 3042 1084 3042 1084 3042 1084 3038 1084 3038 1084 3038 1079 3024 1070 3015 1062 2984 1070 2936 1079 2936 1079 2936 1079 2931 1079 2931 1079 2816 1066 2697 1048 2533 1057 2395 1062 2391 1062 2391 1062 2280 1048 2103 1026 2041 1039 2015 1048 2010 1048 2010 1048 2006 1048 2006 1048 2006 1048 2001 1048 1970 1039 1886 1017 1806 1035 1775 1039 1775 1039 1775 1039 1771 1039 1771 1039 1771 1039 1767 1039 1767 1039 1762 1039 1762 1039 1762 1039 1758 1035 1731 1013 969 1013"/></Shape>
	    <String CONTENT="105 phrateria Daciae opp. Brossa est in Transyluania, et a"
                    HPOS="969"
                    VPOS="880"
                    WIDTH="2618"
                    HEIGHT="208"></String>
          </TextLine>

          
          
          <TextLine ID="eSc_line_4f08c9ac"
                    TAGREFS="LT85"
                    BASELINE="1271 907 3405 955" 
                    HPOS="1266"
                    VPOS="836"
                    WIDTH="2144"
                    HEIGHT="159">
            <Shape><Polygon POINTS="1271 907 1271 836 2081 836 2081 836 2081 836 2085 836 2085 836 2085 836 2090 836 2090 836 2112 854 2116 858 2134 854 2236 836 2236 836 2236 836 2240 836 2240 836 2245 836 2245 836 2245 836 2294 858 2302 862 2316 858 2391 840 2395 840 2395 840 2400 840 2400 840 2404 840 2404 840 2404 840 2453 862 2462 867 2488 862 2621 845 2621 845 2626 845 2626 845 2962 876 3029 885 3175 885 3175 880 3197 862 3197 858 3197 858 3201 858 3201 858 3201 858 3206 858 3206 858 3206 858 3210 858 3210 858 3401 889 3405 955 3410 969 3379 995 3379 995 3374 995 3374 995 3374 995 3370 995 3370 995 3370 995 3365 995 3365 995 3365 995 3259 973 3179 995 3175 995 3175 995 3175 995 3170 995 3170 995 3166 995 3166 995 3166 995 3162 995 3122 969 3029 995 3024 995 3024 995 3024 995 3020 995 3020 995 3015 995 3015 995 3015 995 3011 995 3011 995 3011 991 2989 973 2329 977 2325 977 2325 977 2320 977 2320 977 2271 960 2236 946 2196 960 2147 973 2143 973 2143 973 2139 973 2139 973 2139 973 2134 973 2085 960 2032 942 1997 955 1988 960 1988 960 1984 960 1984 960 1984 960 1979 960 1895 955 1395 929 1266 951"/></Shape>
	    <String CONTENT="Macedone uocata fuit prophthasia. Ex Stephano"
                    HPOS="1266"
                    VPOS="836"
                    WIDTH="2144"
                    HEIGHT="159"></String>
          </TextLine>

          
          
          <TextLine ID="eSc_line_0b1a5ab0"
                    TAGREFS="LT85"
                    BASELINE="996 1146 3600 1190" 
                    HPOS="992"
                    VPOS="1053"
                    WIDTH="2612"
                    HEIGHT="181">
            <Shape><Polygon POINTS="996 1146 992 1079 1085 1057 1085 1057 1085 1057 1089 1057 1089 1057 1089 1057 1093 1057 1093 1057 1151 1079 1217 1053 1217 1053 1222 1053 1222 1053 1222 1053 1226 1053 1226 1053 1231 1053 1231 1053 1231 1053 1235 1053 1235 1053 1235 1057 1235 1057 1262 1084 1266 1088 1271 1084 1324 1062 1324 1062 1328 1062 1328 1062 1328 1062 1333 1062 1333 1062 1337 1062 1337 1062 1337 1062 1377 1084 1408 1057 1408 1057 1412 1057 1412 1057 1412 1057 1417 1057 1417 1057 1421 1057 1421 1057 1421 1057 1426 1057 1426 1057 1430 1057 1430 1057 1470 1088 1474 1092 1589 1092 1612 1088 1718 1062 1722 1062 1722 1062 1727 1062 1727 1062 1727 1062 1877 1092 1895 1097 1908 1097 2019 1066 2023 1066 2023 1066 2028 1066 2028 1066 2028 1066 2032 1066 2032 1066 2032 1066 2037 1066 2037 1066 2037 1070 2068 1097 2072 1101 2094 1097 2227 1079 2227 1079 2232 1079 2232 1079 2232 1079 2236 1079 2236 1079 2289 1101 2302 1106 2400 1106 2781 1092 2785 1092 2785 1092 2785 1092 2790 1092 2856 1115 2865 1115 2883 1115 3073 1084 3073 1084 3077 1084 3077 1084 3348 1123 3365 1123 3379 1123 3520 1092 3520 1092 3520 1092 3525 1092 3525 1092 3525 1092 3529 1092 3529 1092 3604 1128 3600 1190 3591 1234 992 1181"/></Shape>
	    <String CONTENT="1ot phrixa peloponnesi urbs XXX ſtadijs ab olympia distart"
                    HPOS="992"
                    VPOS="1053"
                    WIDTH="2612"
                    HEIGHT="181"></String>
          </TextLine>

          
          
          <TextLine ID="eSc_line_afe92919"
                    TAGREFS="LT85"
                    BASELINE="1284 1066 2931 1101" 
                    HPOS="1275"
                    VPOS="982"
                    WIDTH="1656"
                    HEIGHT="155">
            <Shape><Polygon POINTS="1284 1066 1284 982 2927 1035 2931 1101 2922 1137 1275 1106"/></Shape>
	    <String CONTENT="annonijs Zazuara dicitur. Ex Lazio"
                    HPOS="1275"
                    VPOS="982"
                    WIDTH="1656"
                    HEIGHT="155"></String>
          </TextLine>

          
          
          <TextLine ID="eSc_line_e3b0cfe4"
                    TAGREFS="LT85"
                    BASELINE="1253 1239 3095 1274 3587 1300" 
                    HPOS="1253"
                    VPOS="1150"
                    WIDTH="2334"
                    HEIGHT="181">
            <Shape><Polygon POINTS="1253 1239 1253 1150 1527 1181 1625 1159 1629 1159 1629 1159 1634 1159 2559 1203 2829 1185 2834 1185 2834 1185 2834 1185 2980 1212 3108 1190 3108 1190 3108 1190 3108 1190 3113 1190 3113 1190 3113 1190 3117 1190 3117 1190 3117 1190 3122 1190 3122 1190 3122 1194 3139 1208 3162 1194 3166 1194 3166 1194 3170 1194 3170 1194 3170 1194 3175 1194 3175 1194 3334 1216 3365 1194 3365 1194 3370 1194 3370 1194 3370 1194 3370 1194 3374 1194 3374 1194 3379 1194 3379 1194 3379 1194 3387 1194 3511 1221 3573 1199 3587 1300 3578 1331 3339 1305 3281 1327 3272 1331 3272 1331 3268 1331 3268 1331 3263 1331 3069 1327 3069 1327 3069 1327 3064 1327 3051 1323 2962 1296 2661 1314 2595 1318 2590 1318 2590 1318 2590 1318 2586 1318 2586 1318 2581 1318 2581 1318 2581 1314 2577 1314 2546 1287 2391 1309 2356 1314 2356 1314 2351 1314 2351 1314 2351 1314 2347 1314 2347 1314 2342 1314 2338 1309 2294 1283 2178 1305 2152 1309 2152 1309 2152 1309 2147 1309 2147 1309 2143 1309 2143 1309 2143 1309 2139 1309 2139 1309 2139 1305 2134 1305 2103 1278 1944 1296 1944 1296 1939 1296 1939 1296 1935 1296 1935 1296 1935 1296 1930 1296 1930 1296 1930 1292 1926 1292 1913 1274 1643 1296 1607 1296 1603 1296 1603 1296 1603 1296 1598 1296 1589 1296 1496 1265 1412 1292 1408 1292 1403 1292 1403 1292 1403 1292 1399 1292 1399 1292 1395 1292 1395 1292 1390 1292 1310 1261 1253 1287"/></Shape>
	    <String CONTENT="phaestus postea dicta fuit ; ex qua fuit Epimenides Sa"
                    HPOS="1253"
                    VPOS="1150"
                    WIDTH="2334"
                    HEIGHT="181"></String>
          </TextLine>

          
          
          <TextLine ID="eSc_line_f9bc85ac"
                    TAGREFS="LT85"
                    BASELINE="1244 1323 2267 1340 3578 1389" 
                    HPOS="1235"
                    VPOS="1252"
                    WIDTH="2343"
                    HEIGHT="177">
            <Shape><Polygon POINTS="1244 1323 1240 1256 1930 1252 1935 1252 2263 1274 2542 1292 2621 1278 2670 1274 2670 1274 2674 1274 2674 1274 2674 1274 2728 1283 2834 1300 2936 1287 2976 1283 2976 1283 2980 1283 3077 1287 3445 1318 3573 1300 3578 1389 3569 1429 3206 1393 3117 1420 3108 1420 3104 1420 3104 1420 3104 1424 2984 1424 2980 1420 2980 1420 2976 1420 2976 1420 2976 1420 2971 1420 2971 1420 2967 1416 2940 1393 2883 1411 2874 1416 2869 1416 2869 1416 2869 1416 2865 1416 2865 1416 2860 1416 2860 1416 2847 1411 2767 1380 2723 1407 2723 1411 2719 1411 2719 1411 2719 1411 2714 1411 2714 1411 2710 1411 2710 1411 2710 1411 2683 1407 2586 1389 2546 1402 2537 1407 2537 1407 2533 1407 2533 1407 2533 1407 2528 1407 2528 1407 2488 1402 2223 1362 2174 1393 2170 1393 2170 1393 2170 1393 2170 1393 2165 1393 2165 1393 2161 1393 2161 1393 2161 1393 2156 1393 2152 1393 2037 1358 1837 1385 1824 1385 1824 1385 1820 1385 1820 1385 1815 1385 1815 1385 1811 1385 1718 1349 1541 1376 1536 1376 1536 1376 1532 1376 1532 1376 1532 1376 1527 1376 1527 1376 1527 1376 1523 1376 1523 1376 1479 1340 1390 1371 1390 1371 1386 1371 1386 1371 1386 1371 1381 1371 1235 1367"/></Shape>
	    <String CONTENT="piens qui instituit purgationes uerbis fuctas, ut Ste"
                    HPOS="1235"
                    VPOS="1252"
                    WIDTH="2343"
                    HEIGHT="177"></String>
          </TextLine>

          
          
          <TextLine ID="eSc_line_3542a0a8"
                    TAGREFS="LT85"
                    BASELINE="1248 1411 2387 1429 3565 1473" 
                    HPOS="1240"
                    VPOS="1323"
                    WIDTH="2325"
                    HEIGHT="185">
            <Shape><Polygon POINTS="1248 1411 1244 1345 1496 1323 1501 1323 1501 1323 1501 1323 1505 1323 1505 1323 1505 1323 1510 1323 1550 1349 1554 1354 1784 1358 1798 1358 1913 1331 1913 1331 1913 1331 1917 1331 1917 1331 2201 1367 2236 1340 2236 1340 2240 1340 2240 1340 2240 1340 2245 1340 2245 1340 2249 1340 2249 1340 2249 1340 2254 1340 2333 1367 2404 1345 2409 1345 2409 1345 2409 1345 2413 1345 2413 1345 2595 1380 2612 1380 2626 1380 2772 1358 2772 1358 2776 1358 2776 1358 3073 1393 3100 1393 3108 1393 3188 1367 3193 1367 3193 1367 3193 1367 3197 1367 3197 1367 3197 1367 3201 1367 3299 1398 3303 1398 3308 1398 3449 1376 3449 1376 3454 1376 3454 1376 3454 1376 3458 1376 3565 1407 3565 1473 3560 1486 3467 1508 3467 1508 3467 1508 3463 1508 3463 1508 3458 1508 3458 1508 3392 1486 3392 1486 3383 1486 2909 1495 2905 1495 2639 1469 2577 1464 2542 1469 2418 1482 2418 1482 2413 1482 2413 1482 2276 1460 2223 1451 1240 1438"/></Shape>
	    <String CONTENT="nus ait : quanuis in Stephani uulgatis codicbus hac"
                    HPOS="1240"
                    VPOS="1323"
                    WIDTH="2325"
                    HEIGHT="185"></String>
          </TextLine>

          
          
          <TextLine ID="eSc_line_f77a8669"
                    TAGREFS="LT85"
                    BASELINE="1023 1566 3573 1637" 
                    HPOS="1018"
                    VPOS="1482"
                    WIDTH="2555"
                    HEIGHT="203">
            <Shape><Polygon POINTS="1023 1566 1018 1491 1302 1482 1306 1482 1306 1482 1310 1482 1310 1482 1364 1500 1381 1508 1390 1500 1403 1491 1403 1486 1403 1486 1408 1486 1408 1486 1408 1486 1412 1486 1412 1486 1412 1486 1417 1486 1417 1486 1421 1486 1421 1486 1470 1504 1505 1517 1541 1508 1598 1491 1603 1491 1603 1491 1603 1491 1607 1491 1607 1491 1612 1491 1612 1491 1612 1491 1651 1508 1678 1522 1784 1517 1891 1508 1891 1508 1895 1508 2294 1535 2488 1544 2511 1539 2595 1522 2595 1522 2595 1522 2599 1522 2599 1522 2599 1522 2604 1522 2604 1522 2608 1522 2608 1522 2608 1522 2635 1544 2639 1553 2927 1557 2931 1557 2962 1531 2962 1531 2967 1531 2967 1531 2967 1531 2971 1531 2971 1531 2976 1531 3219 1535 3219 1535 3219 1535 3224 1535 3224 1535 3228 1535 3272 1562 3418 1544 3418 1544 3423 1544 3423 1544 3423 1544 3573 1579 3573 1637 3565 1668 3494 1659 3476 1668 3441 1685 3441 1685 3441 1685 3436 1685 3436 1685 3436 1685 3432 1685 3432 1685 3427 1685 3427 1685 3427 1685 3423 1685 3423 1685 3423 1681 3423 1681 3410 1668 3392 1650 3352 1668 3330 1672 3325 1672 3325 1672 3325 1672 3321 1672 3321 1672 3317 1672 3286 1663 3215 1646 3197 1663 3184 1672 3184 1677 3184 1677 3179 1677 3179 1677 3179 1677 3175 1677 3175 1677 3175 1681 3170 1677 3170 1677 3166 1677 3166 1677 3166 1677 3162 1677 3162 1677 3162 1672 3148 1663 3131 1641 2980 1641 2958 1659 2940 1672 2940 1677 2940 1677 2936 1677 2936 1677 2936 1677 2931 1677 2931 1677 2927 1677 2927 1677 2723 1654 2661 1650 2657 1654 2630 1672 2626 1672 2626 1672 2626 1672 2621 1672 2621 1672 2617 1672 2617 1672 2528 1663 2528 1663 2524 1663 2524 1663 2524 1663 2519 1663 2519 1663 2519 1659 2511 1650 2488 1632 2453 1650 2435 1663 2431 1663 2431 1663 2426 1663 2426 1663 2426 1663 2422 1663 2329 1654 2329 1654 2325 1654 2325 1654 2325 1654 2320 1654 2320 1654 2316 1650 2276 1619 2143 1641 2143 1641 2143 1641 2139 1641 2139 1641 2134 1641 2046 1619 2019 1641 2019 1641 2015 1641 2015 1641 2015 1641 2010 1641 2010 1641 2010 1641 2010 1641 2006 1641 2006 1641 2001 1641 2001 1641 2001 1641 1930 1615 1860 1641 1833 1650 1833 1650 1829 1650 1829 1650 1824 1650 1824 1650 1824 1650 1820 1650 1780 1637 1682 1610 1558 1637 1541 1637 1541 1637 1541 1637 1536 1637 1536 1637 1532 1637 1532 1637 1523 1632 1461 1610 1412 1632 1399 1637 1399 1637 1395 1637 1395 1637 1395 1637 1390 1637 1390 1637 1386 1637 1386 1637 1368 1632 1319 1615 1018 1623"/></Shape>
	    <String CONTENT="10s phrygia Asiae prouincia inter Mysiam, Galatiam, Lycan"
                    HPOS="1018"
                    VPOS="1482"
                    WIDTH="2555"
                    HEIGHT="203"></String>
          </TextLine>

          
          
          <TextLine ID="eSc_line_ebaa18d5"
                    TAGREFS="LT85"
                    BASELINE="1248 1491 3086 1531 3573 1562" 
                    HPOS="1240"
                    VPOS="1407"
                    WIDTH="2333"
                    HEIGHT="181">
            <Shape><Polygon POINTS="1248 1491 1244 1429 1395 1407 1395 1407 1399 1407 1399 1407 1647 1438 2657 1438 2657 1438 2657 1438 2661 1438 2661 1438 2661 1438 2666 1438 2666 1438 2666 1442 2670 1442 2683 1460 2683 1460 2710 1460 2989 1446 2993 1446 3573 1482 3573 1562 3565 1588 3210 1566 3113 1575 3046 1584 3046 1584 3042 1584 3042 1584 3038 1584 3038 1584 3038 1584 3033 1584 3033 1584 3033 1579 3029 1579 3024 1575 3015 1562 2883 1570 2719 1579 2714 1579 2714 1579 2453 1557 2302 1544 2285 1553 2254 1566 2254 1566 2254 1566 2249 1566 2249 1566 2245 1566 1966 1562 1966 1562 1966 1562 1961 1562 1882 1539 1860 1535 1793 1535 1514 1548 1510 1548 1510 1548 1240 1517"/></Shape>
	    <String CONTENT="ueiſsa ſint, Secut et Pleraq. alia. Ex Stephauo ipso, Va"
                    HPOS="1240"
                    VPOS="1407"
                    WIDTH="2333"
                    HEIGHT="181"></String>
          </TextLine>

          
          
          <TextLine ID="eSc_line_f792aa21"
                    TAGREFS="LT85"
                    BASELINE="1240 1659 3587 1721" 
                    HPOS="1231"
                    VPOS="1584"
                    WIDTH="2356"
                    HEIGHT="168">
            <Shape><Polygon POINTS="1240 1659 1240 1584 3587 1646 3587 1721 3578 1752 2577 1747 2577 1747 2577 1747 2573 1747 2480 1721 2471 1721 2457 1721 2249 1739 2249 1739 2245 1739 2245 1739 2240 1739 2240 1739 2240 1739 2236 1739 2196 1712 2196 1712 2183 1712 2023 1730 2023 1730 2019 1730 2019 1730 2015 1730 1913 1703 1904 1703 1895 1703 1744 1725 1744 1725 1740 1725 1740 1725 1231 1681"/></Shape>
	    <String CONTENT="niam, Mygdoniam, et Cappadociam a phryxo Mhama"
                    HPOS="1231"
                    VPOS="1584"
                    WIDTH="2356"
                    HEIGHT="168"></String>
          </TextLine>

          
          
          <TextLine ID="eSc_line_afa17716"
                    TAGREFS="LT85"
                    BASELINE="1244 1756 3591 1814" 
                    HPOS="1235"
                    VPOS="1663"
                    WIDTH="2356"
                    HEIGHT="191">
            <Shape><Polygon POINTS="1244 1756 1240 1681 1439 1663 1443 1663 1443 1663 1443 1663 1448 1663 1448 1663 1448 1663 1452 1663 1452 1663 1474 1685 1479 1685 1492 1685 1607 1668 1607 1668 1612 1668 1612 1668 1612 1668 1616 1668 1616 1668 1620 1668 1620 1668 1620 1672 1625 1672 1638 1690 1647 1703 1873 1703 1899 1694 1948 1677 1948 1677 1953 1677 1953 1677 1957 1677 1957 1677 1957 1677 1961 1677 1961 1677 1961 1677 1966 1677 1966 1677 1966 1681 1984 1694 1997 1708 2059 1699 2161 1681 2161 1681 2165 1681 2165 1681 2165 1681 2276 1703 2351 1716 2418 1708 2493 1694 2493 1694 2497 1694 2497 1694 2497 1694 2502 1694 2502 1694 2506 1694 2528 1708 2555 1725 3153 1734 3193 1721 3241 1708 3246 1708 3246 1708 3246 1708 3250 1708 3591 1734 3591 1814 3573 1854 3551 1836 3325 1845 3241 1849 3237 1849 3237 1849 3232 1849 3232 1849 3232 1849 3228 1849 3228 1849 3228 1845 3224 1845 3224 1845 3210 1823 3046 1823 3011 1836 2989 1845 2989 1845 2984 1845 2984 1845 2980 1845 2586 1836 2586 1836 2586 1836 2581 1836 2537 1818 2502 1809 2440 1818 2329 1831 2329 1831 2325 1831 1939 1800 1877 1796 1868 1796 1820 1818 1820 1818 1815 1818 1815 1818 1811 1818 1811 1818 1550 1787 1541 1787 1532 1787 1372 1805 1372 1805 1368 1805 1368 1805 1368 1805 1235 1774"/></Shape>
	    <String CONTENT="tis flio dicta, uel a pheyge fluuio, qui eam desteominaet"
                    HPOS="1235"
                    VPOS="1663"
                    WIDTH="2356"
                    HEIGHT="191"></String>
          </TextLine>

          
          
          <TextLine ID="eSc_line_cc929b44"
                    TAGREFS="LT85"
                    BASELINE="1253 1840 3591 1907" 
                    HPOS="1244"
                    VPOS="1752"
                    WIDTH="2347"
                    HEIGHT="203">
            <Shape><Polygon POINTS="1253 1840 1248 1774 1474 1752 1479 1752 1479 1752 1758 1783 1806 1787 1815 1783 1864 1761 1864 1761 1864 1761 1868 1761 1868 1761 1873 1761 1873 1761 1873 1761 1877 1761 1877 1761 1877 1761 1930 1787 1944 1796 2497 1809 2519 1800 2546 1783 2550 1783 2550 1783 2555 1783 2555 1783 2555 1783 2559 1783 2559 1783 2564 1783 2564 1783 2617 1805 2639 1809 2776 1805 3117 1796 3122 1796 3587 1827 3591 1907 3582 1942 3352 1924 3330 1933 3290 1955 3290 1955 3290 1955 3286 1955 3286 1955 3281 1955 2998 1947 2998 1947 2998 1947 2993 1947 2993 1947 2993 1947 2989 1947 2989 1947 2962 1920 2945 1911 2745 1911 2736 1916 2701 1938 2697 1938 2697 1938 2697 1938 2692 1938 2692 1938 2688 1938 2688 1938 2400 1902 2325 1893 2311 1898 2263 1924 2263 1924 2263 1924 2258 1924 2258 1924 2254 1924 2028 1920 2028 1920 2028 1920 2023 1920 2023 1920 1944 1885 1944 1885 1939 1885 1882 1916 1882 1916 1882 1916 1877 1916 1877 1916 1877 1916 1873 1916 1873 1916 1868 1916 1727 1876 1713 1876 1616 1876 1616 1876 1589 1898 1589 1902 1589 1902 1585 1902 1585 1902 1585 1902 1581 1902 1581 1902 1576 1902 1576 1902 1576 1902 1572 1902 1572 1902 1496 1871 1417 1893 1412 1893 1412 1893 1408 1893 1408 1893 1408 1893 1403 1893 1403 1893 1403 1893 1399 1893 1399 1893 1368 1862 1368 1862 1244 1858"/></Shape>
	    <String CONTENT="a Caria , in dras regiones dccisa est phygium mce"
                    HPOS="1244"
                    VPOS="1752"
                    WIDTH="2347"
                    HEIGHT="203"></String>
          </TextLine>

          
          
          <TextLine ID="eSc_line_d8ab07cc"
                    TAGREFS="LT85"
                    BASELINE="1240 1933 3591 2000" 
                    HPOS="1231"
                    VPOS="1849"
                    WIDTH="2360"
                    HEIGHT="204">
            <Shape><Polygon POINTS="1240 1933 1240 1849 1806 1862 1806 1862 1806 1862 1811 1862 1811 1862 1820 1867 1868 1889 2094 1876 2103 1876 2108 1876 2108 1876 2108 1876 2116 1876 2245 1898 2307 1880 2329 1876 2333 1876 2333 1876 2338 1876 2338 1876 2338 1876 2342 1876 2342 1876 2342 1876 2356 1885 2395 1902 2542 1889 2599 1885 2599 1885 2604 1885 2604 1885 2608 1885 2608 1885 2608 1885 2612 1885 2621 1889 2652 1911 2710 1893 2732 1889 2736 1889 2736 1889 2736 1889 2741 1889 2741 1889 2745 1889 2776 1898 2856 1916 2909 1902 2936 1893 2940 1893 2940 1893 2940 1893 2945 1893 2945 1893 2949 1893 2949 1893 2949 1893 2967 1902 3007 1924 3591 1924 3591 2000 3587 2031 3445 2053 3445 2053 3441 2053 3441 2053 3441 2053 3436 2053 3436 2053 3432 2053 3432 2053 3432 2048 3432 2048 3410 2026 3401 2013 3255 2013 3228 2022 3162 2044 3157 2044 3157 2044 3157 2044 3153 2044 3153 2044 3148 2044 3148 2044 3148 2044 3144 2044 3144 2044 3113 2017 3108 2013 3091 2017 3011 2039 3007 2039 3007 2039 3002 2039 3002 2039 3002 2039 2998 2039 2998 2039 2998 2039 2993 2039 2958 2013 2945 2004 2927 2013 2874 2035 2874 2035 2869 2035 2869 2035 2869 2035 2865 2035 2865 2035 2860 2035 2860 2035 2860 2035 2856 2035 2856 2035 2825 2008 2816 2000 2710 2000 2697 2004 2661 2031 2657 2031 2657 2031 2657 2031 2652 2031 2652 2031 2648 2031 2648 2031 2648 2031 2471 1995 2431 1991 2418 1995 2356 2022 2356 2022 2351 2022 2351 2022 2351 2022 2347 2022 2347 2022 2063 1982 2006 1977 1984 1982 1886 2008 1882 2008 1882 2008 1877 2008 1554 2000 1554 2000 1554 2000 1550 2000 1550 2000 1474 1969 1439 1986 1439 1986 1439 1986 1434 1986 1434 1986 1434 1986 1430 1986 1430 1986 1231 1955"/></Shape>
	    <String CONTENT="rem, et pygiam minorem. Maior est prope Sangai"
                    HPOS="1231"
                    VPOS="1849"
                    WIDTH="2360"
                    HEIGHT="204"></String>
          </TextLine>

          
          
          <TextLine ID="eSc_line_45a946a9"
                    TAGREFS="LT85"
                    BASELINE="1235 2039 2201 2048 3582 2101" 
                    HPOS="1231"
                    VPOS="1933"
                    WIDTH="2351"
                    HEIGHT="208">
            <Shape><Polygon POINTS="1235 2039 1240 1933 1328 1964 1421 1947 1421 1947 1421 1947 1426 1947 1829 1977 1957 1960 2015 1955 2015 1955 2019 1955 2019 1955 2147 1969 2333 1991 2387 1977 2440 1969 2440 1969 2440 1969 2444 1969 2444 1969 2666 1991 2843 2008 2883 2000 2958 1982 2962 1982 2962 1982 2967 1982 2967 1982 2967 1982 2971 1982 2971 1982 2976 1982 2976 1982 2976 1986 2980 1986 2993 2004 3002 2013 3029 2004 3117 1986 3117 1986 3117 1986 3122 1986 3122 1986 3126 1986 3126 1986 3126 1986 3131 1986 3131 1986 3162 2013 3166 2017 3179 2013 3228 1995 3228 1995 3232 1995 3232 1995 3237 1995 3237 1995 3241 1995 3241 1995 3299 2017 3317 2026 3582 2031 3582 2101 3578 2141 3365 2141 3361 2137 3361 2137 3356 2137 3356 2137 3343 2132 3268 2101 2493 2110 2356 2110 2351 2110 2351 2110 2347 2110 2325 2106 2187 2070 2134 2101 2130 2101 2130 2101 2130 2101 2125 2101 2125 2101 2125 2101 2121 2101 2121 2101 2121 2101 2116 2101 2112 2101 2010 2066 1784 2093 1758 2093 1758 2093 1753 2093 1753 2093 1749 2093 1749 2093 1749 2093 1744 2093 1682 2057 1638 2088 1638 2088 1634 2088 1634 2088 1634 2088 1629 2088 1629 2088 1629 2088 1625 2088 1625 2088 1620 2088 1612 2088 1496 2057 1231 2075"/></Shape>
	    <String CONTENT="fluuium, apXZλοccoa cognominata ab Homero, qu"
                    HPOS="1231"
                    VPOS="1933"
                    WIDTH="2351"
                    HEIGHT="208"></String>
          </TextLine>

          
          
          <TextLine ID="eSc_line_4d1a33be"
                    TAGREFS="LT85"
                    BASELINE="1235 2150 1939 2146 3587 2185" 
                    HPOS="1231"
                    VPOS="2039"
                    WIDTH="2356"
                    HEIGHT="186">
            <Shape><Polygon POINTS="1235 2150 1231 2070 1319 2070 1324 2070 1355 2044 1355 2039 1355 2039 1359 2039 1359 2039 1359 2039 1364 2039 1364 2039 1368 2039 1563 2044 1563 2044 1563 2044 1567 2044 1567 2044 1567 2044 1572 2044 1616 2075 1620 2075 1629 2075 1984 2048 1988 2048 1988 2048 2356 2088 2360 2088 2364 2088 2462 2062 2466 2062 2466 2062 2471 2062 2471 2062 2692 2088 2891 2066 2891 2066 2896 2066 2896 2066 2900 2066 3024 2101 3029 2106 3166 2106 3170 2106 3206 2075 3206 2075 3210 2075 3210 2075 3210 2075 3215 2075 3215 2075 3219 2075 3219 2075 3219 2075 3224 2075 3224 2075 3224 2075 3228 2075 3228 2075 3228 2079 3259 2106 3259 2110 3587 2115 3587 2185 3578 2225 3100 2190 2767 2208 2688 2212 2683 2212 2683 2212 2626 2208 2404 2177 2280 2199 2240 2203 2240 2203 2236 2203 2236 2203 2236 2203 2232 2203 2232 2203 2232 2203 2227 2203 2218 2199 2183 2172 2134 2194 2121 2199 2121 2199 2116 2199 2116 2199 2116 2199 2112 2199 2112 2199 2072 2194 1917 2168 1231 2172"/></Shape>
	    <String CONTENT="uitibus abundet ; paria, et Bereynthia etiam uocat"
                    HPOS="1231"
                    VPOS="2039"
                    WIDTH="2356"
                    HEIGHT="186"></String>
          </TextLine>

          
          
          <TextLine ID="eSc_line_c47000e2"
                    TAGREFS="LT85"
                    BASELINE="1231 2243 3587 2274" 
                    HPOS="1222"
                    VPOS="2146"
                    WIDTH="2365"
                    HEIGHT="172">
            <Shape><Polygon POINTS="1231 2243 1231 2172 1505 2172 1510 2172 1550 2146 1554 2146 1554 2146 1554 2146 1558 2146 1558 2146 1563 2146 1882 2150 1882 2150 1882 2150 1886 2150 1886 2150 1886 2150 1891 2150 1891 2150 1891 2154 1895 2154 1913 2177 1917 2181 1953 2177 2161 2154 2161 2154 2165 2154 2165 2154 2165 2154 2170 2154 2170 2154 2232 2181 2245 2185 2280 2181 2449 2159 2449 2159 2453 2159 2453 2159 2630 2185 2666 2190 2697 2185 2838 2163 2838 2163 2843 2163 2843 2163 2843 2163 2847 2163 2847 2163 2909 2190 2927 2199 3582 2199 3587 2274 3582 2292 2918 2318 2914 2318 2914 2318 2909 2318 2909 2318 2909 2318 2860 2292 2847 2287 2843 2292 2821 2314 2821 2314 2821 2314 2816 2314 2816 2314 2812 2314 2812 2314 2812 2314 2807 2314 2807 2314 2666 2292 2555 2278 2462 2292 2369 2309 2369 2309 2364 2309 2364 2309 2364 2309 2280 2292 2170 2274 2019 2292 1988 2296 1988 2296 1984 2296 1984 2296 1984 2296 1979 2296 1979 2296 1979 2296 1975 2296 1975 2296 1975 2292 1948 2270 1829 2270 1802 2292 1802 2292 1798 2292 1798 2292 1798 2292 1793 2292 1793 2292 1793 2292 1793 2292 1793 2292 1789 2292 1789 2292 1784 2292 1705 2270 1660 2292 1647 2301 1647 2301 1647 2301 1643 2301 1643 2301 1643 2301 1638 2301 1638 2301 1634 2301 1634 2301 1634 2301 1620 2292 1563 2265 1536 2292 1536 2292 1536 2296 1536 2296 1532 2296 1532 2296 1532 2296 1527 2296 1527 2296 1523 2296 1222 2292"/></Shape>
	    <String CONTENT="in qua quidum Meidas regnauit. phrygia uero minoro"
                    HPOS="1222"
                    VPOS="2146"
                    WIDTH="2365"
                    HEIGHT="172"></String>
          </TextLine>

          
          
          <TextLine ID="eSc_line_8b137d13"
                    TAGREFS="LT85"
                    BASELINE="1231 2336 2422 2349 3104 2376 3596 2362" 
                    HPOS="1226"
                    VPOS="2243"
                    WIDTH="2370"
                    HEIGHT="177">
            <Shape><Polygon POINTS="1231 2336 1231 2274 1514 2274 1519 2274 1550 2247 1550 2243 1550 2243 1554 2243 1554 2243 1558 2243 1558 2243 1558 2243 1563 2243 1563 2243 1567 2243 1687 2274 1705 2278 1709 2274 1740 2247 1740 2243 1740 2243 1744 2243 1744 2243 1744 2243 1749 2243 1749 2243 1753 2243 1886 2243 1886 2243 1886 2243 1891 2243 1979 2265 2201 2247 2205 2247 2205 2247 2205 2247 2351 2274 2413 2292 2533 2292 2550 2278 2577 2256 2577 2256 2581 2256 2581 2256 2581 2256 2586 2256 2586 2256 2590 2256 2590 2256 2590 2256 2697 2278 2767 2292 2816 2278 2883 2256 2887 2256 2887 2256 2887 2256 2891 2256 2891 2256 2896 2256 2896 2256 2896 2256 2900 2256 2900 2256 2900 2261 2900 2261 2918 2278 2936 2301 3188 2301 3219 2278 3250 2265 3250 2265 3250 2265 3255 2265 3255 2265 3255 2265 3259 2265 3259 2265 3348 2278 3467 2301 3587 2283 3596 2362 3591 2385 3197 2420 3193 2420 3193 2420 3193 2420 3188 2420 3188 2420 3188 2420 3184 2420 3184 2416 3153 2393 3131 2416 3131 2416 3126 2416 3126 2416 3126 2416 3122 2416 3122 2416 3122 2416 2914 2420 2909 2420 2790 2416 2790 2416 2790 2416 2785 2416 2785 2416 2781 2416 2781 2416 2781 2411 2754 2393 2745 2385 2697 2393 2617 2402 2617 2402 2612 2402 2612 2402 2524 2393 2351 2371 2285 2393 2271 2398 2271 2398 2267 2398 2267 2398 2263 2398 2263 2398 2263 2398 2258 2398 2245 2393 2161 2367 2028 2385 2028 2385 2023 2385 1643 2362 1585 2393 1585 2393 1585 2393 1581 2393 1581 2393 1581 2393 1576 2393 1576 2393 1572 2393 1572 2393 1572 2393 1567 2393 1567 2393 1523 2358 1417 2358 1372 2393 1372 2398 1372 2398 1368 2398 1368 2398 1368 2398 1368 2398 1364 2398 1364 2398 1364 2402 1226 2402"/></Shape>
	    <String CONTENT="oricntalis est ad Hellespontum, unde phrygia Hellestontu"
                    HPOS="1226"
                    VPOS="2243"
                    WIDTH="2370"
                    HEIGHT="177"></String>
          </TextLine>

          
          
          <TextLine ID="eSc_line_b9b3214d"
                    TAGREFS="LT85"
                    BASELINE="1231 2442 2444 2455 3596 2500" 
                    HPOS="1226"
                    VPOS="2345"
                    WIDTH="2370"
                    HEIGHT="199">
            <Shape><Polygon POINTS="1231 2442 1231 2376 1842 2385 1842 2385 1922 2345 1922 2345 1922 2345 1926 2345 1926 2345 1930 2345 1930 2345 2245 2371 2294 2354 2294 2354 2298 2354 2298 2354 2298 2354 2302 2354 2302 2354 2307 2354 2307 2354 2307 2354 2311 2354 2311 2354 2342 2376 2666 2362 2670 2362 2670 2362 2670 2362 2856 2402 2896 2411 2984 2407 3188 2393 3193 2393 3193 2393 3193 2393 3197 2393 3197 2393 3197 2393 3201 2393 3201 2393 3219 2411 3232 2420 3268 2411 3370 2389 3370 2389 3370 2389 3374 2389 3374 2389 3374 2389 3379 2389 3379 2389 3383 2389 3383 2389 3383 2393 3410 2416 3418 2420 3591 2420 3596 2500 3587 2544 3374 2539 3374 2539 3374 2539 3374 2539 3370 2539 3370 2539 3370 2539 3365 2539 3321 2508 3095 2535 3077 2535 3077 2535 3073 2535 3073 2535 3073 2535 3060 2535 2909 2500 2887 2517 2883 2517 2883 2517 2883 2517 2878 2517 2878 2517 2878 2517 2874 2517 2298 2482 2196 2482 2143 2513 2139 2513 2139 2513 2139 2513 2139 2513 2134 2513 2134 2513 2130 2513 1775 2504 1775 2504 1775 2504 1771 2504 1771 2504 1771 2504 1767 2504 1767 2504 1767 2500 1767 2500 1736 2469 1226 2491"/></Shape>
	    <String CONTENT="ca nominatur, phrygia etiam Epiatetus, in qua regnuios"
                    HPOS="1226"
                    VPOS="2345"
                    WIDTH="2370"
                    HEIGHT="199"></String>
          </TextLine>

          
          
          <TextLine ID="eSc_line_233b1746"
                    TAGREFS="LT85"
                    BASELINE="1235 2548 2391 2548 3591 2597" 
                    HPOS="1226"
                    VPOS="2447"
                    WIDTH="2365"
                    HEIGHT="185">
            <Shape><Polygon POINTS="1235 2548 1231 2473 1341 2447 1341 2447 1341 2447 1346 2447 1346 2447 1350 2447 1350 2447 1350 2447 1355 2447 1395 2473 1399 2478 1554 2478 1558 2478 1638 2451 1643 2451 1643 2451 1643 2451 1647 2451 1647 2451 1651 2451 1651 2451 1651 2451 1656 2451 1700 2482 1705 2486 2218 2491 2223 2491 2320 2464 2325 2464 2325 2464 2329 2464 2630 2473 2630 2473 2630 2473 2635 2473 2741 2504 2750 2504 2759 2504 2834 2478 2838 2478 2838 2478 2838 2478 2843 2478 3587 2522 3591 2597 3582 2632 3250 2628 3250 2628 3250 2628 3246 2628 3241 2628 3139 2597 3051 2619 3046 2619 3046 2619 3042 2619 3042 2619 3042 2619 3038 2619 3038 2619 2953 2584 2745 2584 2719 2610 2719 2615 2719 2615 2714 2615 2714 2615 2714 2615 2710 2615 2710 2615 2710 2615 2710 2619 2705 2615 2705 2615 2705 2615 2701 2615 2701 2615 2701 2615 2697 2615 2697 2615 2697 2610 2661 2579 2170 2588 2165 2588 2165 2588 2161 2588 2161 2588 2161 2588 2112 2566 1948 2566 1904 2597 1904 2597 1899 2597 1899 2597 1899 2597 1895 2597 1895 2597 1891 2597 1226 2584"/></Shape>
	    <String CONTENT="Asius Hectoris auunculus, et in qua Toia fuc, Dicta"
                    HPOS="1226"
                    VPOS="2447"
                    WIDTH="2365"
                    HEIGHT="185"></String>
          </TextLine>

          
          
          <TextLine ID="eSc_line_52cee8d3"
                    TAGREFS="LT85"
                    BASELINE="1235 2628 3587 2690" 
                    HPOS="1231"
                    VPOS="2544"
                    WIDTH="2356"
                    HEIGHT="203">
            <Shape><Polygon POINTS="1235 2628 1231 2566 1341 2544 1341 2544 1341 2544 1346 2544 1346 2544 1350 2544 1350 2544 1350 2544 1399 2566 1408 2570 1452 2566 1594 2553 1594 2553 1598 2553 1953 2575 2205 2588 2267 2579 2356 2562 2356 2562 2356 2562 2360 2562 2360 2562 2364 2562 2364 2562 2364 2562 2369 2562 2395 2579 2418 2597 2577 2601 2781 2584 2909 2575 2914 2575 2914 2575 3064 2588 3418 2624 3578 2597 3587 2690 3578 2747 3418 2716 3317 2743 3303 2743 3299 2743 3299 2743 3294 2743 3294 2743 3294 2743 3290 2743 3290 2743 3290 2743 3281 2739 3232 2712 3117 2734 3086 2739 3086 2739 3082 2739 2927 2734 2927 2734 2927 2734 2922 2734 2922 2734 2918 2734 2918 2734 2918 2730 2914 2730 2883 2703 2790 2725 2754 2730 2754 2730 2754 2730 2750 2730 2750 2730 2745 2730 2745 2730 2745 2730 2728 2721 2679 2699 2515 2716 2449 2721 2449 2721 2444 2721 2444 2721 2382 2712 2236 2685 2134 2703 2077 2712 2077 2712 2072 2712 2072 2712 2072 2712 1992 2699 1891 2681 1811 2694 1740 2703 1740 2703 1736 2703 1736 2703 1736 2703 1731 2703 1687 2690 1629 2672 1231 2672"/></Shape>
	    <String CONTENT="etiam Tygraneia a Tygrane Gomori flit : et Br"
                    HPOS="1231"
                    VPOS="2544"
                    WIDTH="2356"
                    HEIGHT="203"></String>
          </TextLine>

          
          
          <TextLine ID="eSc_line_862ffe75"
                    TAGREFS="LT85"
                    BASELINE="1231 2739 3587 2787" 
                    HPOS="1222"
                    VPOS="2663"
                    WIDTH="2369"
                    HEIGHT="164">
            <Shape><Polygon POINTS="1231 2739 1231 2663 2010 2663 2010 2663 2010 2663 2015 2663 2081 2685 2116 2694 2245 2690 2488 2677 2493 2677 2493 2677 2493 2677 2497 2677 2497 2677 2542 2699 2559 2703 2657 2699 2900 2690 2905 2690 2905 2690 2905 2690 2909 2690 2909 2690 2914 2690 2940 2708 2953 2716 3423 2721 3432 2721 3534 2699 3534 2699 3534 2699 3538 2699 3538 2699 3538 2699 3542 2699 3542 2699 3547 2699 3591 2725 3587 2787 3578 2827 1222 2774"/></Shape>
	    <String CONTENT="populi Bregi, Breges, et Brigus a Brigo, qui in M"
                    HPOS="1222"
                    VPOS="2663"
                    WIDTH="2369"
                    HEIGHT="164"></String>
          </TextLine>

          
          
          <TextLine ID="eSc_line_36ca6f59"
                    TAGREFS="LT85"
                    BASELINE="1244 2832 3578 2889" 
                    HPOS="1235"
                    VPOS="2756"
                    WIDTH="2343"
                    HEIGHT="160">
            <Shape><Polygon POINTS="1244 2832 1244 2756 3573 2805 3578 2889 3573 2911 2683 2916 2679 2916 2395 2885 2329 2907 2329 2907 2325 2907 2325 2907 2320 2907 2320 2907 2320 2907 2316 2907 2316 2907 2316 2907 2258 2876 2254 2876 2254 2876 2174 2902 2170 2902 2170 2902 2170 2902 2165 2902 2165 2902 2165 2902 2161 2902 2059 2871 2054 2871 2037 2871 1660 2880 1656 2880 1235 2845"/></Shape>
	    <String CONTENT="cedonia habitauedat apud Brigas Thrnces, qui B"
                    HPOS="1235"
                    VPOS="2756"
                    WIDTH="2343"
                    HEIGHT="160"></String>
          </TextLine>

          
          
          <TextLine ID="eSc_line_bf4897bb"
                    TAGREFS="LT85"
                    BASELINE="1231 2929 3565 2973" 
                    HPOS="1222"
                    VPOS="2832"
                    WIDTH="2347"
                    HEIGHT="185">
            <Shape><Polygon POINTS="1231 2929 1231 2832 1669 2867 1860 2849 1926 2845 1926 2845 1930 2845 1930 2845 1935 2845 1935 2845 1957 2854 2023 2876 2085 2858 2116 2849 2121 2849 2121 2849 2125 2849 2307 2854 2307 2854 2307 2854 2311 2854 2311 2854 2311 2854 2316 2854 2316 2854 2316 2858 2325 2867 2333 2871 2347 2867 2360 2854 2364 2854 2364 2854 2364 2854 2369 2854 2369 2854 2373 2854 2373 2854 2373 2854 2378 2854 2378 2854 2413 2867 2453 2885 2542 2871 2612 2862 2612 2862 2617 2862 2617 2862 2617 2862 2621 2862 2621 2862 2626 2862 2626 2862 2626 2867 2630 2867 2635 2876 2648 2893 2847 2893 2860 2880 2878 2867 2878 2867 2883 2867 2883 2867 2883 2867 2887 2867 2887 2867 2891 2867 2891 2867 3086 2889 3166 2898 3179 2893 3228 2871 3228 2871 3232 2871 3232 2871 3232 2871 3237 2871 3237 2871 3237 2871 3379 2898 3401 2902 3405 2898 3445 2876 3449 2876 3449 2876 3454 2876 3454 2876 3454 2876 3458 2876 3458 2876 3463 2876 3569 2907 3565 2973 3560 2995 2865 3017 2860 3017 2860 3017 2652 2986 2471 3009 2471 3009 2466 3009 2466 3009 2466 3009 2462 3009 2347 2973 2342 2973 2342 2973 2214 2995 2214 2995 2214 2995 2209 2995 2209 2995 2209 2995 2090 2969 2023 3000 2023 3000 2023 3000 2019 3000 2019 3000 2015 3000 2015 3000 2015 3000 2010 3000 2010 3000 1917 2964 1917 2964 1913 2964 1727 2991 1727 2991 1722 2991 1722 2991 1722 2991 1572 2964 1527 2991 1523 2991 1523 2991 1519 2991 1519 2991 1519 2991 1514 2991 1514 2991 1514 2991 1510 2991 1510 2991 1505 2991 1505 2991 1505 2991 1474 2960 1222 2947"/></Shape>
	    <String CONTENT="ces, Brycae, et Brycei etiam dicntu, et in haec loca"
                    HPOS="1222"
                    VPOS="2832"
                    WIDTH="2347"
                    HEIGHT="185"></String>
          </TextLine>

          
          
          <TextLine ID="eSc_line_7da87b0c"
                    TAGREFS="LT85"
                    BASELINE="1240 3022 3587 3062" 
                    HPOS="1231"
                    VPOS="2929"
                    WIDTH="2356"
                    HEIGHT="195">
            <Shape><Polygon POINTS="1240 3022 1240 2929 1501 2964 1682 2938 1705 2938 1705 2938 1709 2938 1709 2938 1762 2942 2023 2969 2108 2951 2139 2947 2139 2947 2139 2947 2143 2947 2143 2947 2147 2947 2170 2951 2240 2973 2329 2955 2373 2951 2373 2951 2378 2951 2378 2951 2378 2951 2435 2960 2542 2982 2617 2964 2630 2964 2630 2964 2630 2964 2635 2964 2714 2969 2958 2986 2980 2978 2993 2964 2998 2964 2998 2964 2998 2964 3002 2964 3002 2964 3002 2964 3007 2964 3007 2964 3011 2964 3011 2964 3046 2978 3082 2991 3193 2982 3312 2973 3312 2973 3317 2973 3317 2973 3321 2973 3321 2973 3361 2986 3379 2995 3387 2986 3405 2973 3405 2969 3405 2969 3410 2969 3410 2969 3410 2969 3414 2969 3414 2969 3414 2969 3418 2969 3418 2969 3587 2995 3587 3062 3578 3110 3458 3088 3427 3110 3410 3124 3405 3124 3405 3124 3405 3124 3401 3124 3401 3124 3401 3124 3396 3124 3396 3124 3392 3124 3392 3124 3348 3106 3321 3097 3255 3101 3108 3119 3108 3119 3104 3119 3104 3119 3100 3119 3100 3119 3100 3119 3095 3119 3095 3119 3069 3097 3051 3084 3015 3097 2971 3115 2971 3115 2967 3115 2967 3115 2962 3115 2586 3110 2586 3110 2586 3110 2581 3110 2581 3110 2581 3110 2528 3084 2528 3084 2528 3084 2497 3106 2493 3106 2493 3106 2493 3106 2488 3106 2488 3106 2488 3106 2484 3106 2347 3093 2347 3093 2342 3093 2342 3093 2342 3093 2338 3093 2320 3079 2298 3062 2050 3062 2032 3070 2015 3088 2015 3088 2010 3088 2010 3088 2010 3088 2006 3088 2006 3088 2001 3088 2001 3088 2001 3088 1997 3088 1997 3088 1992 3088 1966 3070 1939 3053 1231 3048"/></Shape>
	    <String CONTENT="Asiae acuessenr. Ex Strabone, Iosepo, Plinio, Stephano"
                    HPOS="1231"
                    VPOS="2929"
                    WIDTH="2356"
                    HEIGHT="195"></String>
          </TextLine>

          
          
          <TextLine ID="eSc_line_acb2f753"
                    TAGREFS="LT85"
                    BASELINE="983 3163 1753 3203 3578 3212" 
                    HPOS="974"
                    VPOS="3070"
                    WIDTH="2608"
                    HEIGHT="186">
            <Shape><Polygon POINTS="983 3163 983 3070 1209 3070 1209 3070 1209 3070 1213 3070 1213 3070 1213 3070 1226 3075 1310 3124 1403 3088 1403 3088 1408 3088 1408 3088 1412 3088 1412 3088 1412 3088 1417 3088 1417 3088 1417 3088 1421 3088 1421 3088 1457 3119 1510 3097 1510 3097 1514 3097 1514 3097 1519 3097 1519 3097 1519 3097 1523 3097 1629 3128 1775 3110 1775 3110 1780 3110 1780 3110 1780 3110 1904 3132 1944 3106 1948 3106 1948 3106 1948 3106 1953 3106 1953 3106 1957 3106 1957 3106 1961 3106 2090 3137 2201 3115 2201 3115 2201 3115 2205 3115 2205 3115 2333 3137 2422 3115 2488 3101 2488 3101 2488 3101 2493 3101 2493 3101 2728 3128 2754 3128 2754 3128 2803 3097 2807 3097 2807 3097 2807 3097 2812 3097 2812 3097 2816 3097 2816 3097 2816 3097 2821 3097 2821 3097 2821 3097 2887 3132 2905 3141 2958 3132 3122 3110 3122 3110 3126 3110 3126 3110 3126 3110 3131 3110 3131 3110 3131 3110 3193 3141 3206 3150 3219 3141 3294 3101 3294 3101 3294 3101 3299 3101 3299 3101 3299 3101 3303 3101 3303 3101 3303 3101 3308 3101 3308 3101 3418 3150 3423 3150 3427 3150 3516 3124 3520 3124 3520 3124 3520 3124 3525 3124 3525 3124 3529 3124 3529 3124 3529 3124 3534 3124 3582 3155 3578 3212 3573 3243 2852 3256 2847 3256 2847 3256 2843 3256 2843 3256 2843 3256 2838 3256 2838 3256 2838 3252 2816 3234 2812 3230 2794 3234 2688 3252 2688 3252 2683 3252 2683 3252 2683 3252 2679 3252 2679 3252 2630 3230 2626 3230 2612 3230 2471 3252 2471 3252 2466 3252 2466 3252 2294 3225 2285 3225 2276 3225 2152 3247 2152 3247 2152 3247 2147 3247 1381 3212 1355 3212 1346 3212 1111 3234 1107 3234 1107 3234 1107 3234 974 3203"/></Shape>
	    <String CONTENT="106 phthia urbs in Thessalia Achillis patria, Alos dicta, ue"
                    HPOS="974"
                    VPOS="3070"
                    WIDTH="2608"
                    HEIGHT="186"></String>
          </TextLine>

          
          
          <TextLine ID="eSc_line_999f0ded"
                    TAGREFS="LT85"
                    BASELINE="1279 3097 1651 3119 2466 3124" 
                    HPOS="1266"
                    VPOS="3017"
                    WIDTH="1200"
                    HEIGHT="155">
            <Shape><Polygon POINTS="1279 3097 1279 3017 2462 3062 2466 3124 2462 3146 2258 3172 2258 3172 2254 3172 2254 3172 2254 3172 2249 3172 2165 3146 2134 3168 2130 3168 2130 3168 2130 3168 2125 3168 2125 3168 2125 3168 2121 3168 2121 3168 1957 3146 1873 3168 1868 3168 1868 3168 1864 3168 1864 3168 1864 3168 1860 3168 1780 3141 1775 3141 1767 3141 1625 3163 1625 3163 1620 3163 1620 3163 1620 3163 1616 3163 1616 3163 1554 3141 1545 3137 1510 3141 1315 3159 1315 3159 1310 3159 1310 3159 1306 3159 1306 3159 1306 3159 1266 3137"/></Shape>
	    <String CONTENT="ustathio, Bonfinio, Varino"
                    HPOS="1266"
                    VPOS="3017"
                    WIDTH="1200"
                    HEIGHT="155"></String>
          </TextLine>

          
          
          <TextLine ID="eSc_line_0edd3f6a"
                    TAGREFS="LT85"
                    BASELINE="1226 3261 3573 3309" 
                    HPOS="1217"
                    VPOS="3177"
                    WIDTH="2356"
                    HEIGHT="163">
            <Shape><Polygon POINTS="1226 3261 1226 3177 1656 3212 3569 3225 3573 3309 3565 3340 1217 3296"/></Shape>
	    <String CONTENT="ct Htalos, quam Stephanus Moliacum cognominat a M"
                    HPOS="1217"
                    VPOS="3177"
                    WIDTH="2356"
                    HEIGHT="163"></String>
          </TextLine>

          
          
          <TextLine ID="eSc_line_f377f62e"
                    TAGREFS="LT85"
                    BASELINE="1217 3345 3578 3398" 
                    HPOS="1209"
                    VPOS="3274"
                    WIDTH="2369"
                    HEIGHT="159">
            <Shape><Polygon POINTS="1217 3345 1217 3274 2001 3274 2001 3274 2001 3274 2006 3274 2006 3274 2006 3274 2028 3287 2059 3301 2103 3287 2134 3278 2139 3278 2139 3278 2139 3278 2143 3278 2143 3278 2147 3278 2147 3278 2174 3287 2223 3305 2435 3292 2475 3292 2480 3292 2480 3292 2480 3292 2497 3292 2599 3314 2714 3296 2763 3292 2763 3292 2767 3292 2767 3292 2767 3292 2772 3292 2772 3292 2772 3292 2776 3292 2776 3292 2776 3296 2781 3296 2794 3314 2834 3301 2843 3296 2843 3296 2847 3296 2847 3296 2852 3296 2852 3296 2918 3301 3210 3327 3573 3314 3578 3398 3573 3420 3188 3433 3184 3433 2732 3402 2683 3398 2679 3398 2648 3420 2643 3420 2643 3420 2643 3420 2639 3420 2639 3420 2635 3420 2635 3420 2635 3420 2524 3393 2515 3393 2511 3393 2480 3416 2475 3416 2475 3416 2471 3416 2471 3416 2471 3416 2466 3416 2466 3416 2462 3416 2462 3416 2395 3393 2387 3389 2338 3389 2015 3407 2010 3407 2010 3407 1775 3376 1767 3376 1758 3376 1612 3398 1612 3398 1607 3398 1607 3398 1209 3358"/></Shape>
	    <String CONTENT="liensibus, qui habitabant uler a Euboeam, et pyla, uoi"
                    HPOS="1209"
                    VPOS="3274"
                    WIDTH="2369"
                    HEIGHT="159"></String>
          </TextLine>

          
          
          <TextLine ID="eSc_line_26fe7178"
                    TAGREFS="LT85"
                    BASELINE="1217 3438 2409 3455 3582 3500" 
                    HPOS="1200"
                    VPOS="3332"
                    WIDTH="2382"
                    HEIGHT="212">
            <Shape><Polygon POINTS="1217 3438 1217 3332 1638 3371 1669 3345 1669 3345 1669 3345 1674 3345 1674 3345 1674 3345 1678 3345 1678 3345 1682 3345 1868 3349 1868 3349 1868 3349 1873 3349 1873 3349 1873 3349 1935 3385 2094 3385 2258 3358 2263 3358 2263 3358 2267 3358 2674 3367 2714 3371 2714 3371 2714 3371 2719 3371 2798 3398 2869 3376 2874 3376 2874 3376 2874 3376 2878 3376 2878 3376 2878 3376 2883 3376 2883 3376 2887 3376 2887 3376 2887 3376 2918 3402 3015 3385 3015 3385 3015 3385 3020 3385 3020 3385 3024 3385 3117 3411 3241 3385 3246 3385 3246 3385 3246 3385 3250 3385 3250 3385 3255 3385 3255 3385 3255 3385 3255 3385 3259 3385 3259 3385 3259 3389 3290 3420 3463 3420 3573 3393 3582 3500 3573 3544 3166 3535 3166 3535 3166 3535 3162 3535 3162 3535 3157 3535 3157 3535 3157 3531 3153 3531 3117 3500 2976 3526 2931 3531 2931 3531 2927 3531 2927 3531 2927 3531 2922 3531 2896 3522 2829 3500 2723 3513 2670 3522 2670 3522 2666 3522 2666 3522 2666 3522 2661 3522 2661 3522 2635 3513 2559 3482 2466 3504 2466 3504 2462 3504 2462 3504 2457 3504 2457 3504 2457 3504 2453 3504 2453 3504 2453 3504 2453 3504 2449 3504 2449 3504 2449 3500 2426 3478 2161 3473 2108 3491 2063 3509 2063 3509 2059 3509 2059 3509 2054 3509 2054 3509 2054 3509 1961 3486 1877 3464 1483 3455 1395 3469 1257 3486 1257 3486 1253 3486 1253 3486 1253 3486 1248 3486 1248 3486 1244 3486 1200 3460"/></Shape>
	    <String CONTENT="diſferat ab Alo, qui erat ſub protesilau pharsalia"
                    HPOS="1200"
                    VPOS="3332"
                    WIDTH="2382"
                    HEIGHT="212"></String>
          </TextLine>

          
          
          <TextLine ID="eSc_line_7ff864f3"
                    TAGREFS="LT85"
                    BASELINE="1226 3531 2586 3557 3587 3601" 
                    HPOS="1222"
                    VPOS="3433"
                    WIDTH="2365"
                    HEIGHT="195">
            <Shape><Polygon POINTS="1226 3531 1231 3433 1319 3464 1350 3438 1355 3433 1355 3433 1359 3433 1359 3433 1359 3433 1364 3433 1364 3433 1368 3433 1589 3438 1589 3438 1589 3438 1647 3451 1780 3482 1992 3482 2023 3464 2041 3451 2046 3451 2046 3451 2046 3451 2050 3451 2050 3451 2050 3451 2054 3451 2054 3451 2059 3451 2059 3451 2059 3451 2063 3451 2063 3451 2081 3469 2108 3486 2161 3469 2209 3455 2214 3455 2214 3455 2218 3455 2648 3469 2648 3469 2648 3469 2652 3469 2652 3469 2652 3469 2657 3469 2657 3469 2683 3491 2692 3500 2728 3495 2825 3473 2825 3473 2825 3473 2829 3473 2829 3473 2834 3473 2834 3473 2834 3473 2838 3473 2838 3473 2838 3478 2843 3478 2860 3500 2865 3509 3002 3513 3038 3504 3131 3482 3135 3482 3135 3482 3139 3482 3139 3482 3139 3482 3144 3482 3144 3482 3144 3482 3148 3482 3148 3482 3148 3486 3175 3513 3184 3522 3587 3531 3587 3601 3582 3624 3011 3628 3007 3628 3007 3628 3002 3628 3002 3628 2962 3615 2896 3584 2462 3575 2382 3601 2378 3601 2373 3601 2373 3601 2373 3601 2369 3601 2369 3601 2364 3601 2364 3601 2364 3601 2360 3601 2360 3601 2311 3570 2218 3597 2187 3606 2183 3606 2183 3606 2178 3606 2178 3606 2178 3606 2174 3606 2143 3597 2068 3570 1917 3593 1864 3597 1864 3597 1860 3597 1860 3597 1855 3597 1855 3597 1833 3588 1744 3557 1682 3579 1682 3579 1678 3579 1678 3579 1674 3579 1674 3579 1674 3579 1669 3579 1669 3579 1669 3579 1665 3579 1665 3579 1665 3575 1638 3548 1536 3548 1222 3575"/></Shape>
	    <String CONTENT="postea dicta. Sed parmeniscus negat phthiaem urber"
                    HPOS="1222"
                    VPOS="3433"
                    WIDTH="2365"
                    HEIGHT="195"></String>
          </TextLine>

          
          
          <TextLine ID="eSc_line_a136ce85"
                    TAGREFS="LT85"
                    BASELINE="1222 3637 1939 3632 3144 3690 3582 3690" 
                    HPOS="1213"
                    VPOS="3526"
                    WIDTH="2369"
                    HEIGHT="208">
            <Shape><Polygon POINTS="1222 3637 1217 3562 1417 3566 1434 3562 1550 3526 1554 3526 1554 3526 1554 3526 1558 3526 1749 3544 1749 3544 1753 3544 1753 3544 1753 3544 1758 3544 1758 3544 1758 3548 1780 3566 1789 3575 1824 3566 1966 3540 1966 3540 1966 3540 1970 3540 1970 3540 1975 3540 1975 3540 1975 3540 1979 3540 1979 3540 1979 3544 2010 3570 2015 3579 2161 3588 2333 3584 2347 3575 2373 3553 2378 3553 2378 3553 2378 3553 2382 3553 2382 3553 2382 3553 2387 3553 2812 3570 2812 3570 2812 3570 2816 3570 2816 3570 2816 3570 2821 3570 2821 3570 2829 3579 2869 3615 3414 3624 3578 3593 3582 3690 3573 3734 1213 3659"/></Shape>
	    <String CONTENT="esse, ſed dicui esse regioneqe x et fallitur, quoniam phis⟩"
                    HPOS="1213"
                    VPOS="3526"
                    WIDTH="2369"
                    HEIGHT="208"></String>
          </TextLine>

          
          
          <TextLine ID="eSc_line_95109958"
                    TAGREFS="LT85"
                    BASELINE="1213 3725 3587 3783" 
                    HPOS="1200"
                    VPOS="3637"
                    WIDTH="2396"
                    HEIGHT="190">
            <Shape><Polygon POINTS="1213 3725 1209 3663 1319 3637 1319 3637 1319 3637 1324 3637 1324 3637 1324 3637 1328 3637 1328 3637 1399 3668 1403 3668 1408 3668 1501 3641 1505 3641 1505 3641 1510 3641 1510 3641 1868 3672 1899 3650 1899 3650 1904 3650 1904 3650 1904 3650 1908 3650 1908 3650 1913 3650 1913 3650 1913 3650 1917 3650 1917 3650 1922 3650 1922 3650 1922 3650 1953 3681 2134 3686 2298 3690 2302 3690 2329 3663 2329 3663 2333 3663 2333 3663 2333 3663 2338 3663 2338 3663 2342 3663 2488 3663 2488 3663 2648 3672 2648 3672 2652 3672 2652 3672 2652 3672 2657 3672 2657 3672 2657 3677 2661 3677 2679 3699 2847 3672 2847 3672 2852 3672 2852 3672 2856 3672 2856 3672 2945 3708 3489 3717 3547 3690 3547 3690 3547 3690 3551 3690 3551 3690 3556 3690 3556 3690 3556 3690 3560 3690 3560 3690 3560 3690 3565 3690 3565 3690 3565 3694 3596 3725 3587 3783 3578 3827 3117 3818 3117 3818 3117 3818 3113 3818 3113 3818 3113 3818 3108 3818 3108 3818 3108 3814 3104 3809 3086 3796 2962 3805 2860 3814 2860 3814 2856 3814 2856 3814 2852 3814 2852 3814 2852 3814 2825 3801 2785 3778 2475 3774 2413 3787 2329 3801 2329 3801 2329 3801 2325 3801 2325 3801 2320 3801 2320 3801 2320 3801 2316 3801 2316 3801 2316 3796 2298 3783 2285 3765 2121 3765 2108 3774 2085 3792 2085 3792 2081 3792 2081 3792 2077 3792 2077 3792 2077 3792 2072 3792 1647 3765 1620 3783 1616 3783 1616 3783 1616 3783 1612 3783 1612 3783 1612 3783 1607 3783 1607 3783 1603 3783 1603 3783 1603 3783 1598 3783 1554 3752 1550 3752 1545 3752 1474 3778 1474 3778 1470 3778 1470 3778 1465 3778 1465 3778 1465 3778 1461 3778 1461 3778 1390 3747 1390 3747 1390 3747 1302 3774 1297 3774 1297 3774 1297 3774 1293 3774 1293 3774 1288 3774 1288 3774 1200 3739"/></Shape>
	    <String CONTENT="urbs est, et regio, quam phthiotim uocant. Nam pela"
                    HPOS="1200"
                    VPOS="3637"
                    WIDTH="2396"
                    HEIGHT="190"></String>
          </TextLine>

          
          
          <TextLine ID="eSc_line_67b78d95"
                    TAGREFS="LT85"
                    BASELINE="1213 3836 3591 3880" 
                    HPOS="1209"
                    VPOS="3734"
                    WIDTH="2382"
                    HEIGHT="204">
            <Shape><Polygon POINTS="1213 3836 1213 3743 1328 3765 1368 3747 1390 3734 1390 3734 1390 3734 1395 3734 1395 3734 1399 3734 1399 3734 1399 3734 1403 3734 1403 3734 1408 3734 1426 3747 1443 3756 1488 3747 1545 3739 1545 3739 1545 3739 1550 3739 1550 3739 1647 3752 1780 3774 1873 3761 1926 3752 1926 3752 1930 3752 1930 3752 1930 3752 1935 3752 1935 3752 1935 3752 1939 3752 1939 3752 1939 3756 1948 3761 1966 3778 2019 3765 2085 3747 2090 3747 2090 3747 2094 3747 2316 3752 2316 3752 2316 3752 2320 3752 2320 3752 2320 3752 2325 3752 2325 3752 2347 3774 2351 3774 2382 3774 2670 3756 2674 3756 2674 3756 2891 3787 2953 3796 2989 3792 3104 3765 3104 3765 3104 3765 3108 3765 3108 3765 3108 3765 3113 3765 3201 3796 3219 3805 3587 3809 3591 3880 3582 3938 3414 3902 3348 3929 3348 3929 3343 3929 3343 3929 3343 3933 3126 3933 2958 3933 2953 3929 2953 3929 2949 3929 2949 3929 2945 3929 2852 3889 2736 3911 2736 3911 2736 3911 2732 3911 2404 3880 2378 3902 2378 3907 2378 3907 2373 3907 2373 3907 2373 3907 2369 3907 2369 3907 2364 3907 2364 3907 2364 3907 2360 3907 2360 3907 2356 3907 2311 3880 2218 3916 2214 3916 2214 3916 2209 3916 2209 3916 2205 3916 2001 3911 2001 3911 2001 3911 1997 3911 1997 3911 1992 3911 1908 3871 1820 3871 1758 3907 1758 3907 1753 3907 1753 3907 1749 3907 1749 3907 1749 3907 1744 3907 1744 3907 1744 3907 1740 3907 1740 3907 1740 3907 1736 3907 1736 3907 1678 3867 1616 3867 1581 3898 1581 3902 1581 3902 1576 3902 1576 3902 1576 3902 1576 3902 1572 3902 1572 3902 1567 3902 1567 3902 1567 3902 1563 3902 1558 3902 1439 3863 1209 3894"/></Shape>
	    <String CONTENT="gi in tres partes diuiſere Thessaliam phthiam, pelasp"
                    HPOS="1209"
                    VPOS="3734"
                    WIDTH="2382"
                    HEIGHT="204"></String>
          </TextLine>

          
          
          <TextLine ID="eSc_line_2efb6af2"
                    TAGREFS="LT85"
                    BASELINE="1213 3938 3578 3978" 
                    HPOS="1209"
                    VPOS="3849"
                    WIDTH="2369"
                    HEIGHT="186">
            <Shape><Polygon POINTS="1213 3938 1213 3876 1399 3876 1399 3876 1430 3854 1430 3854 1434 3854 1434 3854 1439 3854 1439 3854 1439 3854 1443 3854 1443 3854 1448 3854 1550 3880 1554 3880 1554 3880 1585 3854 1585 3849 1585 3849 1589 3849 1589 3849 1589 3849 1594 3849 1594 3849 1598 3849 1727 3849 1727 3849 1727 3849 1731 3849 1731 3849 1731 3849 1736 3849 1736 3849 1736 3854 1736 3854 1762 3880 1798 3854 1798 3854 1802 3854 1802 3854 1806 3854 1806 3854 1811 3854 1984 3854 1984 3854 1984 3854 1988 3854 1988 3854 1988 3854 2050 3889 2054 3889 2068 3889 2258 3863 2258 3863 2263 3863 2263 3863 2471 3894 2511 3863 2511 3863 2515 3863 2515 3863 2515 3863 2519 3863 2519 3863 2524 3863 2723 3867 2723 3867 2723 3867 2728 3867 2728 3867 2728 3867 2790 3902 2794 3902 2803 3902 2936 3876 2936 3876 2936 3876 2940 3876 2940 3876 2945 3876 2945 3876 2945 3876 2949 3876 2949 3876 2949 3880 2976 3902 2976 3907 3224 3907 3224 3907 3277 3880 3277 3880 3277 3880 3281 3880 3281 3880 3281 3880 3286 3880 3286 3880 3290 3880 3410 3911 3410 3911 3410 3911 3485 3880 3485 3880 3489 3880 3489 3880 3489 3880 3494 3880 3494 3880 3494 3880 3498 3880 3498 3880 3578 3916 3578 3978 3573 4013 3055 4035 3051 4035 3051 4035 3051 4035 3046 4035 3046 4035 2989 4013 2794 4031 2794 4031 2790 4031 2790 4031 2785 4031 2785 4031 2785 4031 2781 4031 2781 4031 2781 4026 2781 4026 2759 4004 2750 3991 2652 3991 2635 4004 2612 4022 2612 4026 2608 4026 2608 4026 2608 4026 2604 4026 2604 4026 2604 4031 2528 4031 2524 4026 2285 4022 2285 4022 2285 4022 2280 4022 2201 3995 2130 3978 1209 3982"/></Shape>
	    <String CONTENT="cm, et Achaiam uocatas a phthio, pelasgo, et Achaeis"
                    HPOS="1209"
                    VPOS="3849"
                    WIDTH="2369"
                    HEIGHT="186"></String>
          </TextLine>

          
          
          <TextLine ID="eSc_line_8d1f8da1"
                    TAGREFS="LT85"
                    BASELINE="1204 4031 3591 4079" 
                    HPOS="1200"
                    VPOS="3951"
                    WIDTH="2391"
                    HEIGHT="173">
            <Shape><Polygon POINTS="1204 4031 1204 3951 1740 3951 1740 3951 1740 3951 1744 3951 1744 3951 1744 3951 1749 3951 1749 3951 1749 3955 1753 3960 1771 3973 1798 3960 1811 3951 1815 3951 1815 3951 1815 3951 1820 3951 1820 3951 1824 3951 2236 3960 2236 3960 2236 3960 2240 3960 2240 3960 2240 3960 2258 3969 2311 4000 2502 4000 2714 3978 2763 3973 2763 3973 2767 3973 2767 3973 2772 3973 2772 3973 2772 3973 2776 3973 2776 3973 2781 3978 2816 4004 2967 3982 2976 3982 2976 3982 2980 3982 2980 3982 2980 3982 2984 3982 2984 3982 2984 3982 2989 3982 2989 3982 2989 3982 3020 4013 3166 4013 3582 3995 3591 4079 3587 4124 3255 4124 3250 4119 3250 4119 3246 4119 3228 4115 3148 4093 2993 4110 2945 4115 2945 4115 2940 4115 2940 4115 2887 4110 2714 4084 2382 4097 2298 4101 2294 4101 2294 4101 2294 4101 2289 4101 2271 4097 2201 4075 2125 4093 2112 4097 2108 4097 2108 4097 2103 4097 2103 4097 2054 4093 1829 4066 1669 4084 1669 4084 1669 4084 1665 4084 1665 4084 1665 4084 1408 4057 1200 4075"/></Shape>
	    <String CONTENT="Neptuni, et Larissae flijs eorum Ducibus uenientibu⟩"
                    HPOS="1200"
                    VPOS="3951"
                    WIDTH="2391"
                    HEIGHT="173"></String>
          </TextLine>

          
          
          <TextLine ID="eSc_line_c87d7f5f"
                    TAGREFS="LT85"
                    BASELINE="1209 4128 3582 4177" 
                    HPOS="1204"
                    VPOS="4044"
                    WIDTH="2378"
                    HEIGHT="181">
            <Shape><Polygon POINTS="1209 4128 1209 4044 3578 4084 3582 4177 3582 4199 3529 4225 3529 4225 3529 4225 3525 4225 3525 4225 3520 4225 3520 4225 3520 4225 3516 4225 3436 4199 3418 4194 3405 4199 3325 4221 3321 4221 3321 4221 3317 4221 3015 4217 3015 4217 3015 4217 3011 4217 3011 4217 2949 4194 2918 4181 2900 4194 2878 4212 2878 4212 2874 4212 2874 4212 2869 4212 2869 4212 2869 4217 2776 4217 2772 4212 2772 4212 2767 4212 2767 4212 2767 4212 2763 4212 2736 4190 2710 4172 2502 4172 2170 4186 1984 4194 1979 4194 1979 4194 1979 4194 1975 4194 1975 4194 1953 4186 1904 4159 1722 4159 1629 4181 1612 4186 1607 4186 1607 4186 1603 4186 1603 4186 1603 4186 1598 4186 1598 4186 1594 4186 1594 4186 1594 4181 1594 4181 1558 4150 1421 4150 1204 4177"/></Shape>
	    <String CONTENT="in hanc partem ex peloponneso. Huic phthiotae a phl"
                    HPOS="1204"
                    VPOS="4044"
                    WIDTH="2378"
                    HEIGHT="181"></String>
          </TextLine>

          
          
          <TextLine ID="eSc_line_c20df52d"
                    TAGREFS="LT85"
                    BASELINE="1209 4230 2471 4234 3516 4274" 
                    HPOS="1195"
                    VPOS="4124"
                    WIDTH="2321"
                    HEIGHT="194">
            <Shape><Polygon POINTS="1209 4230 1195 4159 1244 4124 1244 4124 1248 4124 1248 4124 1253 4124 1253 4124 1257 4124 1492 4124 1492 4124 1576 4128 1576 4128 1581 4128 1581 4128 1581 4128 1585 4128 1585 4128 1585 4132 1616 4159 1749 4132 1749 4132 1749 4132 1753 4132 1864 4137 1864 4137 1864 4137 1868 4137 1868 4137 1868 4137 1873 4137 1873 4137 1873 4141 1904 4172 2072 4172 2285 4177 2289 4177 2325 4146 2325 4146 2329 4146 2329 4146 2329 4146 2333 4146 2333 4146 2333 4146 2502 4141 2506 4141 2608 4146 2608 4146 2608 4146 2612 4146 2612 4146 2612 4146 2617 4146 2617 4146 2617 4150 2652 4181 2652 4186 2865 4186 2869 4186 2914 4150 2914 4150 2918 4150 2918 4150 2918 4150 2922 4150 2922 4150 2927 4150 2927 4150 2927 4150 2931 4150 2931 4150 3029 4190 3033 4190 3055 4190 3219 4172 3219 4172 3224 4172 3511 4199 3516 4274 3511 4301 3268 4318 3263 4318 3263 4318 3263 4318 3259 4318 3193 4296 3166 4283 3153 4292 3139 4305 3139 4309 3139 4309 3135 4309 3135 4309 3135 4309 3131 4309 3131 4309 3131 4314 2949 4314 2945 4309 2945 4309 2940 4309 2940 4309 2940 4309 2936 4309 2900 4287 2869 4265 2502 4261 2387 4261 2356 4274 2285 4301 2285 4301 2280 4301 2280 4301 2280 4301 2276 4301 2276 4301 2276 4301 2152 4274 2010 4296 2010 4296 2006 4296 1815 4287 1815 4287 1815 4287 1811 4287 1811 4287 1806 4287 1806 4287 1806 4283 1775 4256 1767 4252 1744 4256 1665 4274 1665 4274 1665 4274 1660 4274 1660 4274 1541 4252 1510 4248 1483 4252 1271 4283 1271 4283 1266 4283 1266 4283 1262 4283 1262 4283 1262 4283 1257 4283 1195 4243"/></Shape>
	    <String CONTENT="regione dicti, uel, ut ait Ælianus, a phthia uirgine,"
                    HPOS="1195"
                    VPOS="4124"
                    WIDTH="2321"
                    HEIGHT="194"></String>
          </TextLine>

          
          
          <TextLine ID="eSc_line_d6f12021"
                    TAGREFS="LT85"
                    BASELINE="1213 4340 1855 4332 3542 4363" 
                    HPOS="1209"
                    VPOS="4261"
                    WIDTH="2333"
                    HEIGHT="155">
            <Shape><Polygon POINTS="1213 4340 1209 4261 3538 4283 3542 4363 3542 4380 3476 4411 3476 4411 3472 4411 3472 4411 3472 4416 3237 4416 3232 4411 3232 4411 3228 4411 3148 4389 2914 4402 2909 4402 2909 4402 2909 4402 2905 4402 2905 4402 2905 4402 2900 4402 2874 4380 2860 4376 2701 4376 2692 4380 2674 4398 2674 4402 2674 4402 2670 4402 2670 4402 2670 4402 2666 4402 2666 4402 2661 4402 2661 4402 2661 4402 2657 4402 2590 4380 2555 4371 2466 4380 2325 4398 2325 4398 2320 4398 2320 4398 2165 4380 1992 4363 1953 4380 1939 4389 1939 4389 1939 4389 1935 4389 1935 4389 1930 4389 1930 4389 1864 4380 1682 4358 1638 4380 1638 4385 1634 4385 1634 4385 1629 4385 1629 4385 1629 4385 1625 4385 1581 4380 1372 4363 1209 4380"/></Shape>
	    <String CONTENT="quam Iupiter amauit, et in columbam uertit : qui,"
                    HPOS="1209"
                    VPOS="4261"
                    WIDTH="2333"
                    HEIGHT="155"></String>
          </TextLine>

          
          
          <TextLine ID="eSc_line_c8ec002b"
                    TAGREFS="LT85"
                    BASELINE="1235 4433 2267 4425 3565 4447" 
                    HPOS="1231"
                    VPOS="4332"
                    WIDTH="2334"
                    HEIGHT="221">
            <Shape><Polygon POINTS="1235 4433 1231 4358 1306 4363 1319 4358 1377 4332 1377 4332 1381 4332 1381 4332 1381 4332 1386 4332 1386 4332 1386 4332 1390 4332 1390 4332 1390 4332 1395 4332 1430 4358 1434 4363 1612 4363 1620 4358 1691 4332 1691 4332 1696 4332 1696 4332 1696 4332 1700 4332 1700 4332 1913 4363 1930 4363 1939 4363 2139 4336 2139 4336 2143 4336 2143 4336 2143 4336 2147 4336 2147 4336 2218 4367 2227 4367 2254 4367 2475 4340 2475 4340 2480 4340 2480 4340 2484 4340 2484 4340 2484 4340 2488 4340 2488 4340 2519 4367 2528 4376 2639 4376 2643 4371 2679 4340 2679 4340 2683 4340 2683 4340 2683 4340 2688 4340 2688 4340 2692 4340 2865 4340 2865 4340 2865 4340 2869 4340 2869 4340 2869 4340 2874 4340 2909 4367 2927 4349 2927 4349 2931 4349 2931 4349 2931 4349 2936 4349 2936 4349 2940 4349 2940 4349 2940 4349 3064 4371 3086 4380 3560 4380 3565 4447 3560 4486 3374 4486 3370 4486 3175 4553 3170 4553 3170 4553 3170 4553 3166 4553 2794 4548 2794 4548 2794 4548 2790 4548 2790 4548 2692 4513 2484 4548 2484 4548 2480 4548 2480 4548 2480 4548 2475 4548 2475 4548 2475 4548 2395 4509 2347 4517 2347 4517 2347 4517 2342 4517 2342 4517 2338 4517 2338 4517 2338 4517 2333 4517 2333 4517 2333 4513 2307 4491 2294 4478 2165 4478 2116 4491 2023 4522 2019 4522 2019 4522 2019 4522 2015 4522 2015 4522 2010 4522 2010 4522 1935 4495 1904 4482 1736 4482 1718 4495 1682 4522 1678 4522 1678 4522 1678 4522 1674 4522 1674 4522 1674 4522 1669 4522 1669 4522 1665 4522 1665 4522 1665 4522 1660 4522 1620 4495 1585 4473 1527 4495 1514 4500 1514 4500 1510 4500 1510 4500 1510 4504 1505 4500 1505 4500 1501 4500 1501 4500 1488 4495 1426 4473 1231 4495"/></Shape>
	    <String CONTENT="puidem Pihiota etian Acai uocbantur, quoninum"
                    HPOS="1231"
                    VPOS="4332"
                    WIDTH="2334"
                    HEIGHT="221"></String>
          </TextLine>

          
        </TextBlock>
        
        <TextBlock HPOS="3560"
                   VPOS="4513"
                   WIDTH="13"
                   HEIGHT="13"
                   ID="eSc_textblock_9573d696"
                   TAGREFS="BT98">
          <Shape><Polygon POINTS="3573 4526 3560 4526 3560 4513 3573 4513 3573 4526"/></Shape>
          
        </TextBlock>
        
        <TextBlock HPOS="1913"
                   VPOS="460"
                   WIDTH="350"
                   HEIGHT="101"
                   ID="eSc_textblock_ac16859e"
                   TAGREFS="BT99">
          <Shape><Polygon POINTS="2090 513 2263 544 1966 561 1913 513 1984 460 2085 460 2090 513"/></Shape>
          
        </TextBlock>
        
        <TextBlock HPOS="3542"
                   VPOS="4548"
                   WIDTH="14"
                   HEIGHT="14"
                   ID="eSc_textblock_e4886fec"
                   TAGREFS="BT99">
          <Shape><Polygon POINTS="3556 4562 3542 4562 3542 4548 3556 4548 3556 4562"/></Shape>
          
        </TextBlock>
        

        
        <TextBlock ID="eSc_dummyblock_">
          
          
          <TextLine ID="eSc_line_9832b02b"
                    TAGREFS="LT85"
                    BASELINE="3458 4562 3569 4562" 
                    HPOS="3454"
                    VPOS="4455"
                    WIDTH="115"
                    HEIGHT="160">
            <Shape><Polygon POINTS="3458 4562 3454 4460 3565 4455 3569 4562 3569 4610 3458 4615"/></Shape>
	    <String CONTENT="nu"
                    HPOS="3454"
                    VPOS="4455"
                    WIDTH="115"
                    HEIGHT="160"></String>
          </TextLine>

          
        </TextBlock>
        
      </PrintSpace>
    </Page>
  </Layout>
</alto>
