3689 5270
922 570 2371 233 Arethusa q. proflut Nc fons uocatur Alabus, et ante Cy

939 667 2337 228 fuuius uero in Arcadia Rophea: cognominabatur uero

952 759 2420 251 tes, quoniam ex Asea Arcadiae pago filuua E Stephano

952 961 426 163 Sophiano.

680 979 2130 272 140 Alsa oppidum in forelulio, Arisa est. Ex Sabellico

821 1058 2516 272 Alsa Venetiae fluuius limrinius dicitur. Ex Gaudentio Merula

843 1150 2490 246 Alsa Germaniae ftuuis, Elli dictus, nuoc Ille. Nomen dedit

970 1251 2437 224 Asatiae ubi olim fuere Tribocci a tribus quercubus an

3210 1427 228 145 nans

983 1335 2389 246 tiqua relgione Nymphis consitrui. Ex Marliano, Bentollo

742 1466 2406 233 a Alstum Æthruiae oppidum a pelasgis conditunm, Sami

996 1554 2368 220 cta Seutra est: inde Alsij lacus, qui Brachiani dicitur. Se a

996 1655 2376 211 lij credunt Sanctam Seneram fuisse Lacum Regilli. Iouo

988 1743 2402 211 uero uulc hunc esse Samcta praxedis lacum, Eeander Alb⟨⟩

1005 1879 2363 202 tus Bononiensis amicus meus uir doctissimus paludem Gri

1018 1971 2385 238 Brachiani uero lacum fuisse Sabatinum, qui Sabata

1018 2112 1770 162 a Strabon dicitur. Ex illis, Volaterrano

750 2129 2635 282 142 Altlia Liguriae oppidum Alteiola est. Ex Interaetaiom V c⟨a⟩

1023 2331 369 145 Italiae

786 2331 2450 290 43 Altinium pannoniae urbs, Tolna dicitur. Ex Lazio.

786 2437 2657 299 144 Altinum Venetiae oppidum in ſtagnis, ubi L Verus Caes

1040 2555 2381 233 pccuubuib, Antentris dictum, nunc Torcellum. Ex Blon

1040 2749 523 158 Iustiniane.

825 2744 2556 299 113 Altitona Germaniae mons, Vosegus appellatur. Ex Ire

830 2845 2591 286 46 Alua a Rhodianis conditum in Hisſpania, Alba est. Ex Beuit

834 2990 2297 246 47 Aluta Daciae fluuius, olta nuncupatur. Ex Iouio

838 3060 2618 268 48 Alzaſira Baetcae opp. creditur ese Tariſfa a Martrorum Re

1045 3188 2415 237 ge uocanum, qui ipsum cept. Alij Tarisſua uoelun fuint

1062 3311 2367 219 Carteiam, quan Cartaeam appellat Artemidorus, alij Baelo

1062 3434 2328 175 Sed Baelo nunc dicitur Traflagae. Cartein autem

1045 3535 2393 154 Graecis appellatur Tartessos Insela cum oppido inter dui

1054 3667 2419 158 ostia Tartessi fluuij, ubi Arganthonius regnaut, a uon

1036 3785 2437 158 tinent o5 passibus distans, et. M. P. longitudine,

1071 3917 2372 149 trium latitudine : a Timaeo Cotinussa appellata, a pho

1080 4009 2354 163 recyde Eeythia Geryonis Regnum, a Peenis Gadetra r

1071 4136 2350 163 att Strabo, Gadirum ut Sallustius, ut Rnſtus Gadir

1075 4242 2350 184 ita panica lingua ſepem ſignificante, anostris C

1089 4365 2354 211 dis, et Gules :oppilum ipum a Troscomium dicibu

3346 4479 171 184 tus

1589 447 312 185 Liber
