3681 5350
624 592 2441 206 antiquissinis praclara, et pauli Apuostul tora Malta es

638 735 2440 156 Ex M.p. ambitu, XX M. latitudine, quam Rhodijs Equi¬

633 824 2450 161 tibus Rheodo a Turca pulsis, ſedem dedit Carolus ſuim

638 954 2391 147 rus Caesar. Ex Cicerone, Ouidio Stephano, Burrono

638 1034 713 129 Quintino Heduo.

397 1047 2583 254 78 Melitine Insula in ora Adriae intir opirum, et Italium

615 1168 2383 245 a Polybio Melitusa uocata, a Stephano Melite, a Ly

620 1306 2378 218 cophrone antiquo nomine Othronos, nunc Melera Vex

633 1417 1883 196 Mi P. longibudnr. Ex illis, Isaacio, Bordono.

441 1484 2535 245 9 Melitus pannoniae urbs, Medelicum est Ausriae olni ma

633 1640 830 152 topoli. Ex Lazio

446 1627 2583 241 80 Melocauus Germaniae ciuitas, chobure dc. Ex Munstero

432 1756 2039 210 81 Melodunum Galliae opp. Melum est. Ex esdem

441 1836 2597 219 82 Melos in Ægaeo Insula Cycladum una LXXX M. P. am

646 1925 2401 215 bitu, inter Cretam, et peloponnesum c. M. P.ab uuris

642 2024 2347 218 distans : Byalus etam dicta, ab Ariſtide Byblis a Byblis

664 2122 2401 232 phoenicbus, qui eam tenuere : ab Aristotele Meleda, Gu

682 2233 2369 210 gia, et Cephyria, a Callimacho Mimallis, ab alijs Menm

660 2340 2351 214 blis, et Miblida, ab Heraclide Sphnus, et Acyron, cunc

673 2429 2365 228 Milo marmore, ſulphure, alumine q. abundans. Ex Pli

673 2572 1486 143 nio, Stephano, Varino, Bordono.

450 2634 2539 188 83 Menapij popubi in Gallia Belgica ad utranq. Rhem ri

660 2715 2365 214 pami, Treueris, Condrusijs qu fimitimi, Iuliacenses, Gbe

664 2839 2356 192 drenses, et Cleuenses ſunt. Ex Strab. Martiano, Munzo

464 2924 2471 205 84 Meneua Britanniae opp. ſanum Dauid est in Scotia

660 3080 584 134 Ex polydoro.

486 3036 2552 249 8 Moni apmaniae fluuius a Norico Vindeliciam Separam:

682 3165 2356 232 Ænus, uel Oenus diccus Hermolai opinione, nunc Mue

682 3263 2347 236 gonus, uel Mainus, ut Munsterus, et Rhenanus tra

687 3348 2315 258 dunt. Ioames uero Auentinus Ænum alium fuucit

691 3441 2374 259 ab oeno. Ænum quidem dicit esse in Norico Ripensi

669 3553 2320 245 qum fluuium alij Amasium uocant, et uulgo Eniss

687 3651 2360 267 oenum uero Oin, et In, qui Noricos ex Tiroto Se

687 3856 758 165 parat a Rhaetis

486 3834 2552 312 86 Monla Ahria Hispaniae Tarraconensis ciuitas, Murcia

687 4074 776 148 est. Ex Munstero

495 4008 2579 294 89 Menlascus in Hispania fluuius, Riuus oronea nuncur

691 4128 2369 285 patur. Mela Magrada dicit, quem aliqui Aragonum

709 4244 2351 272 putanm ese, qui Aragoniae nomen dicrit. Ex Becu

700 4427 973 254 nno, Maro Aretio

2828 4440 179 165 Me
