3698 5413
984 604 2587 235 84 Carduci, carduhi a Menophonte, et Sophaeneto dicti par

1250 757 2330 172 thorum populi, Cordueni postea appellati. Ex illis, Plin

1015 843 2570 180 85 Caefenia Æthruriae morees inter petram Sanctam, ec

1259 933 2330 181 cam, corrupte Grafignana dicuntur, ubi fuit Lucue

1020 1105 2569 207 86 Caria prouincia in Asia à Caro dicta, et Chrysaoris a

1259 1042 1495 175 Annae Caferonianae. Ex Annio

1255 1231 2352 162 urbe Adria etiam, et Idria appellata ab Idrieo Cari fili

1282 1330 2316 158 nunc cum Ponto, Lycia, et Lydia a Turcis dicitur Naeta

1277 1416 2321 189 fortase quasi Nacolia a Nacolia urbe phyygiae. Popro

1286 1533 2312 163 Noetines olim appellati fuere, a Mausolo Mausoli, E⟨⟩

1291 1628 2312 171 ges etiam, qudd ex multis populis congregati essiam

1291 1714 2303 176 sed Homerus Leleges alios fncit a Caribud, colloc

1295 1817 2294 172 in Troade prope Cilices Sed postea ubi Achilles

1286 1930 2312 154 rum loca deviastasset, in Cariam migrarunt, octo a

1295 2029 2303 149 bes incolentes: quarum ſex Mausolus in unam

1291 2129 2312 176 Iicarnassum redegit, duabus aliss Myndo, et Agela

1286 2237 2321 158 uatis. Et ipsi Cares primi cognominati fuere Ba

1295 2323 2317 185 bari, ab Homero BagAapoihcoro, quoniam balbutius

1291 2435 2316 190 et diſticulter, aspere, ac male Graeca proferrent : in

1300 2539 2312 185 alij qui crassè loquerentur, Barbari dicti, ut hoc lngp

1286 2661 2321 180 non morum uitium sic. Ex Strabone, Iosepo, Step

1038 2828 2569 216 87 Cariara, uel Carrea opp. Italiae in Æthruria, Carrara t

1295 2769 2294 167 no, Eustathio, Varino, Itinerario ad Byzamtium

1065 3022 2529 180 188 Carleo Britanniae opp. ubi olim Romanorum Legioni

1246 2972 1612 122 marmore inſignis. Ex Volaterrano

1250 3135 2357 171 merabantur, Legionum urbs est in Vuallia. Ex Poſyy

1074 3207 2520 198 89 Carmania Asiae aggio inter Gedrosiam, et persidem,

1295 3310 2312 221 queste esse cueditur cum Aria, et Paropaniso. Ex

1309 3396 912 158 ptolemaeo, Munstero

1228 3500 2384 162 Carmania Desera, Rasigut dicitur a Lusitanis. Ex Con

1024 3581 2583 217 90 Carmelus, et Carmelion Syriae mons, Castellumpe

1264 3676 1725 212 regrinorum appellatur. Ex Munstero

1065 3771 2547 225 91 Caui Italiae populi, ſunt qui friuli incolunt prouia

1291 3888 2321 189 ſtrum Iulium uocatam ab oppudo, fi quod nunc frii

1291 3978 2325 226 dicitur, uel Ciuidal Austriae, uel patria : Silut et pp

1291 4077 2334 239 uincia ipsa nuncupatur a Venetis, qui inde origines

1304 4168 2317 230 habuisse uidentur. Carnorum autem mediterranea

1309 4258 2312 252 ſnnt Carniola, et Carinthia ab ipsis Caris appela⟩

1327 4380 2289 221 tae. Ex Antonio Bonfinio, Sabellico, Zacharia Lib

1309 4474 2122 248 Auentino, Vadiano, Declaratione urlium Italiae

3436 4655 131 158 Ca
