3595 5350
1512 579 330 170 primus

588 713 2659 196 21 Aceſines perſidis Iluuius, Sandarophagus ab Alexandro po

883 824 1463 130 ſtea nuncupatus fuit. Ex Varino

561 900 2748 196 22 Achacuntia Italiae ciuitas in Apulia, Mathera est, quam

887 1007 2324 178 alij Mateolam uocatam uolunt. Hanc Grimoaldus

896 1110 2422 205 Langobardus contra Graecorum uim cum Luceria ma

883 1239 950 107 niuit. Ex Collenutio

633 1270 2636 219 23 Achad Mesopotamiae urbs in finibus Persici, Romami

856 1399 2462 201 Imperij, Antiochia in Mygdonia, Antigonia, Nisibo

892 1515 2413 219 8isibis, et ab indigenis Asibe dicta, quam expugna

860 1627 2440 205 uit Lucullus. Ex Plutarcho, Theodoreto, Stephano, Hec

597 1694 2717 240 24. Achaea Sarmatiae in Asia uicus, Locho est. Ex Must uo

3077 1778 259 107 npno

646 1792 2583 236 25 Achani populi Scythiae, Acharni dicuntur a Theopompo

878 1890 607 147 Ex Stephano

651 1939 2645 223 26 Achelous Nuuius ex pindo oriens fluens inter Curetas

887 2059 2418 210 dem, Acarnaniam, et Ambraciam, ab Acheloo dictu

860 2166 2462 219 in eo ſubmeroo, qui ex Thessalia uenerat cum Al

878 2273 2440 228 naeone, uel quod eius aqua dissolunt à Xt, dolore

878 2367 2418 236 ſcilicet in partu: Thoas etiam uocatus, nunc Asp

869 2487 2320 214 potamus, uel pachicolamus. Ex Strabone, Plinio

869 2594 1860 223 Stephano, Isaacio, Felice petantio, Iouio

651 2701 2591 286 27 Acheron Graeciae urbs, nunc pharar, et Olycys, uel Coe

865 2844 1137 169 gs portus. Ex Sophiano

789 2889 2498 258 ABherbn fluuius in ponto prope Heracleam, Soonautes

865 3027 2404 223 uel Saonautes postea dictus, quam Megarensium na¬

865 3111 2413 259 ues ſeruasset cehonta tempestate. Ex Isaacio, Ioan

874 3241 910 142 ne Tzetze, Varino

735 3294 2574 272 Aheron ſlurius Italiae, ubi obijt Alexander Epirota, nun

851 3446 2150 218 Campanianus, in Regno Neapolitano. Ex Iouio

615 3504 2578 281 184 Achſaph, et Axaph palaestinae urbs in tribu Asser, ab

838 3673 1423 170 Hieronymo Chasalum uocatur

602 3740 2627 250 29 Acianus agpr prope pisaurum in Piceno, Farnazanus

865 3883 763 178 est. Ex Blondo

593 3954 2444 210 30 Acilia Germaniae urbs, Strabinga dicitur ab Iouio

584 4057 2680 218 31 Acis, Atisue Insula Cycladum una M. P. 50 a Delo o

856 4168 2431 201 ſtans: Siphnus a Siphno Sunij filio dicta, Meropia

851 4284 2427 210 et Merope, nunc Sifanus montuosa, et penè deſer

851 4387 2418 289 1 o M Panbiti S Hiuola Dlinios Steptuo

829 4507 460 183 Bordono

2564 530 125 196 3
