3840 5310
1164 570 2352 177 ſuere in Thrssalia,a puid quos acusser perrhabi à Lapithis,

1173 725 2348 120 nia regione pulsi : unde Homerus perrhaeborum nonrine elia

1182 787 2325 155 Ipsos Athomanns intelligere creditur : a quibus quidum uribe

1191 885 2334 141 Thessaliam fuise appellatum Athamaniam, quae tamea est reg

1191 982 2330 137 in Illhyrico Sed quoniam polatigi, qui orignir Arcades fui

1191 1070 2334 151 teste Hesiodo, et Ephoro, uel Argi ui Ex Mycene, nt Æsthylusaia

1178 1141 2356 151 non modo Thessliam, ſed etiam Graeuiam ferè omnem habita

1182 1243 2356 173 runt, Cretam, lesbum, partem toadis prope Cilicas, leunn

1191 1331 2325 182 Inbrum, et in Ialian quoq. um Trrhenis uenere, ut teostaca

1182 1416 2343 207 Anticlides. propterea pelasgi a Sophocle etim Aggini, t

1169 1526 2369 177 Serheni dicotur : at in Pluribus louis ab aucoribus collors

1178 1632 2365 186 tur. Ex illis, Strabonr, Velletio, Plino, Stephano, Eustathio

1200 1747 1749 164 Raphaele Regio, Varino, parrhasio, Lazio

921 1796 2626 212 76 Thesalonica Macedoniae urbs dicta quòd eo loco de Thesiti

1178 1924 2360 169 uiuoriam repo tasseit philippus Amyntae filius, uel quod :

1186 2017 2361 182 obierit Nicaſipolijs Iasonis Thessali ſoror eusdiem plios

1222 2115 2312 186 pi uxor, prius Halia, et, ut Zonaras at, He Æmathia

1209 2216 2325 177 nunc Salonichi : quam ab Andronico palaeolego emerum

1200 2301 2356 199 eneti. Venetis autem abstulit Amurathes Turca. Ciuoa

1217 2407 2312 190 insignis uel ob duas opistolas ad ciues illos missas p

1209 2491 2365 190 Timotheum a Diuo paulo : et eram proper Theodon

1213 2606 2365 172 Gazam uirum tum Graecis, um Latinis literis adeo er

1222 2681 2347 204 ditum, ut merito dubitetur Latinas ne melius, an Gran

1240 2778 2356 213 cierit : optimè certe urasq. Is prinuo extitit, qui le

1209 2889 2387 195 nello Principe in nostram urbem Graecs literas docuit

1209 3000 2019 186 Ex Stphano, Voollaterrmo, Vadiano, Munstero.

978 3088 2627 199 77 Thiganusa Insula peloponneso cdicicens, Caurera est. Ex Bi

1005 3199 2582 199 78 hinissam Ptolemaeus urbem eom in Aphrica appellaro uide

1195 3301 2374 190 tur, quae Tunes a Polybio dicitur, Tunis a Strabone

1204 3389 2392 212 a Plinio oppidum Tunisense, nnnc Tunisi regai Rggni Tu

1213 3513 2392 186 netami : quam ex riadeni Ænobarbi, Turcarumq. na

1213 3619 2370 186 nibus maxima uiuoria eripuit Carolus quintus Ca

1231 3694 2365 213 ſar anmo 1s55 ex ergastulis ultra XX Me chuistiams

1217 3809 2392 191 libertati restitutis, quos Iurcae, Mauriq. ſeruos Enebit

983 3889 2626 217 19 Thisbe Boeotia urbs a Thiobe Asopi filbi, Aonia etiam dicta

1200 4013 2414 195 Ogygia, Eusta, et Hyantis : a qua Hyantes uocati non Solarni

1222 4119 2400 177 Thibes Ciues, ſed omnes Boeoti: uel quod ad instar ſuumro

1235 4239 2387 163 tione careutium uiuerent : unde et Eyccetirca cognominntur

1231 4349 1103 133 Ex Plino, Stephanoe Varino

996 4394 2618 216 80 hoana urbs sub Tauro monte circa Ciliciae portus, in fuibs C

3507 4495 93 151 ſia
