3681 5350
660 481 2378 272 Dagrid ihoicartuenusm Irlo dsm ſus Ci¬

571 642 2467 187 tates tres et triginta, nunc uocatur mare Balserae ab op

588 726 2463 214 pido Balſera, quod a ſinu ipso distat cXX M. P. Babylo¬

602 833 2418 174 nem uersus. Sigqn. ⟦Ii, a Rubro funditur mari, ideo abttea

602 922 2387 156 cop Herodoto, xec Arrhiano Rubrum appellatur 1800 M

588 1012 2370 205 p. lomgitudim, L M latitudine. Ex Ptolemeo, Muunstero, u

597 1132 960 152 colao Comite, Barroso

370 1123 2637 268 65 Perehum, ſiue Berthum in Britannia, Sanci Ioannis oppudum

597 1297 1089 143 est in Scotia. Ex pobydonrio

401 1284 2633 240 66 Perusia Italia urbs a Graecis condita, una ex duodecim Ætho

602 1391 2445 222 riae urbibus, incensir consumpta, et ab Augusto instanra

602 1484 2436 219 ta, ab eo q. uocata Auusta : Sed pristinum nomen retines

606 1645 960 120 Ex Vlleio, Volaterrano

499 1605 2517 298 Iossini, et pesincs Tolistabogorum urbs in paphlagonian

588 1725 2352 272 dicta a Mcazie, ael quod ibi caelo ceuderis palladicum

615 1827 2392 259 Mineruae ſignea statua trium ubitorum, uel quodr

615 1948 2436 236 ibi plures uiri ceciderint in pugna faata facta intro

633 2046 2378 218 Tantalum Ganymedis rcptorem, et etus fratrem Ilium

633 2148 2441 246 persinas etiam uocata a Persinunte Gallo : Dindyne¬

615 2242 2311 250 ne, et Cybele, uude Rhea cognominatur Sybele

624 2322 2432 250 Dindymena, et pessinuntia : Vbi fuit Marsiae Sepulchua

615 2443 2401 236 et aordij nodus , quem Alexander ense incidit. Ex Ar

620 2545 2021 223 rhiano, Sephano, Isaacio, Vino, Munstero

397 2630 2583 263 ſopestum, uel paestum opp. Lucanorum in Italia, poseidoniat

624 2737 2383 232 a craeuis dicium, nunc polycastrum : in cius agro bi¬

638 2839 2409 228 rosas auno naſci dixit prëta. Ab eo paestanus ſi¬

629 2938 2400 231 nus nominatur, posidoniates etiam dictus, quo Roman

646 3040 2347 236 picentinos aliquos traduxere ex piceno. Ex Strabo

633 3174 959 187 ne, Plinio, Munstero

414 3192 2646 281 69 petilia, et petelia Lucanorum metropolis in Magn

624 3317 2432 249 craecia, a philoctete condita ex Meliboea fugiente, Alta

629 3415 2440 240 mura est, uel Bellum custrum. Ex Strab. Vadiano, Mung

419 3517 2534 232 70Petouium pannoniae opp. petouia ab alijs dictum, a

682 3633 2276 187 Tacito petouio, nuc Becta infupuia. Ex Msto

455 3700 2601 250 7ipetra Arabiae urbs, quae Arabiae petraae nomen de

638 3807 2454 245 dit, Ar, et Aracen eita, ab Iosepo Archis. Ex Bro¬

638 3972 745 160 cardo, Glareano

446 3936 2561 290 72 Petra Apuana in Æthruria mons, uulgo dicitur petra

651 4070 2052 254 pana in Capheroniana prouincia. Ex Landino

468 4159 2597 272 3 Petra Deserti in Arabia, Mozera postea dicta, nunc

646 4333 995 161 Crach. Ex Brocarde

446 4320 2654 289 pepetrocoras Aquitaniae populi, perigorij ſunt, et uulgo

713 4444 2414 264 erignt ab eorum oppdo, quod fuit eesuna Ex Robrsus
