3595 5350
811 624 357 156 hicebatur

820 717 2293 179 dicitur aso, cines ⟦onl, et ainucoi, et Roma Vrbs. Se

847 829 2404 183 Rhacotis tamen proprie erat pars Alexandriae naua

851 931 2440 241 ibus imminens, ubi pine Ægypij Reges cuustedes po

847 1070 2373 222 uerunt, qui quoscunque arcerent. Nam Ægypij

825 1203 2346 188 nauigantibus, et maximè a Graecis, qui propter ſol

825 1324 2413 178 tenuitatem praedones eraunt, dpopulabantur. Ex Stra

829 1431 2319 160 bone, Plinio, Solino, Stephano, Hieronymo, Munſtero.

682 1529 2480 200 Alexandriam alium in Arabia Aluxandr condidit rM

798 1649 2431 201 Stadioemm ambitae, deduictis in eam colonis ex Dur

842 1778 2378 139 ne urlbe et militibus inutilibus. Hanc fluuij euertere

842 1868 2436 164 et Antiochus Seleuti filius instaurauit, Antio chinm qui

851 1975 2440 182 uocauit iterum infestatam restituit Pasines Sogdona

851 2108 2405 174 ti filius propinquorum Arabum Rex, nomen q. fuun

842 2202 2400 205 dediu, charax item dicta. Hoc in loco genitum esse

834 2331 2341 201 Dioyſiuma terrarum orbis ſitus auctorem conſtat

842 2461 2405 178 quem ad commentanda omnia in Orientem praem

856 2590 2346 169 it Augustus ituro in Armenium maione flio. Ex

825 2706 388 156 Plinio ⟩

727 2795 2524 178 Alexandria urbs Asiae in Sarmatia ad Tanais ripas

834 2880 2444 227 a Ptolemaeo Exopulis dicitur, ab alijs Cyros. Ex Bonſian

740 3027 2395 187 Alexandria in Ida Trradis a Eysimacho ſic appellata

838 3147 2440 174 ubi Timosthenes asserit parilem indicasse Deas, Si

856 3276 2342 183 gea etiam dicta, uel Sigia, Anligonia, et Troias

816 3406 2426 178 qaam Augustus aedificjs auexit patria Hegemonis Epa

825 3526 2395 183 poei, qui Scipsit Lenctriaum Bellumsnter Thebanos

834 3678 2435 160 et Lacedaemonios gestum. Strabo tamen Soribit Ale

842 3794 2387 165 xandriam, ubi Paris Deas iudicauit, montem esse,

834 3941 2462 147 cui fubiacet Antandrus : Alij latitudinem montanaea

838 4057 2328 138 esse centum uiginti ſtadiorum inter pomontoria

807 4159 2449 178 Gargara, et pyrrhau. Ex Strabone ipso, Plinio, Sta

838 4280 807 160 phano, Eustathio.

539 4382 2721 187 126 Aexia Manalubiorum oppidum in Gallia, Alesia a Ca

816 4494 2453 187 Sare, Plutarcho, et Velleio dictum, Illesia Mandibulerur

829 4614 2141 183 a Strabone, nunc Alsetum a Marlinno appellatrr

1516 650 321 139 primus

2542 601 125 116 11

3068 4730 214 223 Hlea
