3698 5413
979 613 2592 212 24 C0, et Cos Insula Cariae amnium pulcherrima in Carpur⟨⟩

1304 735 2281 189 ſinu, Hippocratis, et Erasistrati medicorum patria, dict

1291 843 2298 167 Co filia Meropis. a Merope ijso Triopae filo Merop⟨o⟩

1300 951 2289 158 ropis, Meropeis, et Meropus : Coos etiam, Coea, et Eo

1327 1055 2262 176 Astypalaea ab urbe, Hynphaea, et Caria, nunc Longon

1304 1141 2199 185 C M. P. ambitu. Ex Plinio, Stephano, Eustathio, Varino

1056 1249 2529 180 25 Cocytus lacus in Baiano ſinu, Lucrinus a luuro piscatonm

1291 1344 2307 198 nuncuputus, inde Aquae Iuliae a Caesare, cui dono dactia⟩

1282 1466 2325 184 fuit a Senatu, nunc Lacus trium pergularum, et Men

1295 1587 1834 149 mortuum. Ex Strabone, Serutio, Blondo

1038 1664 2565 162 u6 Codanus ſinus in oceano Septentrionali à Seuo monteyr

1286 1786 2312 158 ad Cinbrorum promontorium, MareGotthicum est. Ex

1282 1908 835 103 nio, Ioame Gottho

1074 1921 2511 203 207 Coenodenum Germaniae urbs, Lobenbur, dicitur. Ex Munst a

1074 2056 2312 163 22 Colancorum Germaniae opp. Friduualo pdst. Ex iodem

1088 2147 2429 162 29  olapis pannoniae fluuius, Culpa appellatur. Ex Lazio.

1065 2237 2524 176 230Colchi Asiae populi circa phasim olim diccites propter auris

1286 2336 2294 176 genti, ferri que fodinis, unde Graeci phrigo Duce, nex

1295 2435 2299 172 Iasone ad eos acuessere opum asportandarum ggratia

1300 2544 2303 157 cae, Lexi, Lazi, Leucosyriq. dici: nunc Mengrelij, Sb⟨

1295 2634 2303 144 qui co communi nomim Bendian appellatur Eorum regio

1286 2729 2321 153 cotapis qppellabatur. Sunt Scythae Asiani habitantes p

1277 2846 2335 149 orientales Massagetas. Ex Strabone, Agathio, Isaacio,

1282 2936 2140 185 Iosepo Barbaro, Varino, Iouio, Sigismundo Libero.

1056 3035 2547 176 231 Colchi emporium Iudiae intra Gangenmi, Cochinum regia Cius

1282 3148 2321 149 est, quasi Colchinum, quam Lusitani perlustrarunt. Ex Mun

1065 3198 2538 230 23 2 Colchinum opp. in Dalumatia, a Colchis Medearm insequenta

1268 3342 2339 189 conditum, postea Olchinium, nunc Dulcinium, a ptolem

1300 3414 2285 199 Vlcinium dictum. Ex Plinio, Volaterrano, Munstero

1061 3482 2551 248 233 Collops Aphricae urbs altera magna, altera parua cognon

1264 3617 2343 199 nannur: Saec Petra Iacobi nunc dicitur, illa Giger, uel Al⟨⟩

1268 3703 1964 203 et olim Collu. Ex Munstero, Iouio, Casteldo

1079 3780 2515 261 34oloe Cinitas in Æthiopia ſub Ægypto, Tolen es, u

1264 3892 1716 217 Barna. Ex Munstero, Rhamnusio

1264 3978 171 99 olo

1255 4055 207 113 oloe

1580 4001 2014 239 dlus in eadem. Æphiopa, est Barcena lacus. Ex Bi

1481 4064 121 162 pat

1697 4091 312 122 in Lydi

1350 4145 1178 230 gaea anteanocata a fili

2189 4136 1414 180 Sardis quadraginta Stadijs diſt

1273 4262 2339 266 tiphi : ubi tolebantur Minerua Cygaea, et Diana Colodne

2618 4276 985 149 gis, matre Mesthlis, et,

1286 4389 2326 284 uius festiuitatcibus dicuntur calathi tripudiare. Ex Sta

1273 4501 546 181 ne, Eustathro
