3698 5413
1074 640 2484 171 15 Forum Alienum in Galia Togata opp. ubi Trigabi

1304 744 2267 189 fuere, Ferruriola postea nocaitum fuit a fludio,

1327 848 2240 198 paquo : et populi a Plinio fortasse padinates : uli

1318 965 2258 180 nunc est templam D Georgij ultra padum conte

1327 1069 2240 185 nostram urlem : inde enim maiores nostri troa

1327 1177 2253 180 runt in Venetiam, Ferrariamq. urbem condides

1318 1276 2253 176 ubi Senones quondarm Tridentum fabricatuu

1304 1416 2276 149 rant inter Mantuam, et Butrium etiam a pl

1322 1502 2254 212 lemaeo collocatum. quam urbem etinm incolue

1327 1623 2258 221 illi, qui in Vico Ananiao, et Egonum fuerans: a

1313 1736 2245 230 agro nostro, ubi Vicoentia est, quo loco olia

1332 1858 2244 198 uuicatim habiarunt Egones, et Anani Galli, Plo

1327 1966 2249 199 bio teste. Et Gallis expulsis haec loca, et noſtrai

1318 2079 2262 198 urbem obtinmnere Romani : quae urbs aucta peo

1332 2183 2253 216 cam Veneti Humorum timore profugissent irc

1336 2309 2249 217 Insulas Padi, quas Massas uocarunt, Strabo

1327 2431 2253 207 unro oppida inter Rhauenam, et Bononianm

1332 2575 2244 158 Graeci alij dixere Insulas Electridas, ad qua

1332 2692 2248 181 Daedalum uenisse uolunt, et Pelasgos, Elect

1336 2805 2240 190 tas postea uocatos plura autem de patriae org

1327 2923 2253 153 et antiquitatibas dicere ſuperuacuum uidetus, a

1322 3004 2263 189 haec omnia copioſius tradiderim in Historijs He⟩

1318 3126 2217 184 rariensib Hercuts, Aeestini Secmo Aiusu ſcri

1083 3328 2502 213 236 Forum Appij non longe ab Aritia in Latio, nunc Sa

1295 3270 1278 171 annoq M D Em editis

1304 3428 2276 239 Fossae nouae monasterium celebre olim, iam ple

1318 3581 1318 181 ne enersum. Ex Blondo

1124 3626 2465 248 37 Ferum Bibalorum in Hispania Tayraconensi, Font

1309 3816 1047 126 dicitur. Ex Munsſtero

1110 3829 2470 226 38 Forum Cassij in Æthruria, Vetralla est. Ex Volanro

1128 3965 2452 207 39 Forum Cellae Italiae opp. forceolla uocatur in Apo⟨a⟩

1295 4077 736 158 tio. Ex Annio.

1106 4095 2492 262 40Forum Celtarum auu, at Sergius Galba appellat ſt

1309 4244 2271 185 lorum inter Scultenam, et Samogiam, Burgus,

1313 4361 2294 190 fruncus appellatur : quo loco Hircius, et pansabi
