3698 5310
1226 455 2365 164 ſtitutus, qui propterea Hylo Herulis fli Regnum reli

1244 561 2298 151 unde Heraclidae in peloponnesum impetum ficur. Ex St

938 654 2675 155 i1s Pinna Vestinorum opp. in Htaba, ciuitas pennae nunc dici

1257 761 753 106 tur. Ex Collenutu

983 765 2626 221 16 Pintia Hispanria Tarraomasis app. Velis oletana dicucna a

1244 915 1014 147 Valladolid. Ex Munſto

983 955 2590 160 117 piolus rons in Gallia, est mons contemplationis. Ex Gur

3507 986 120 164 p

996 1053 2201 159 118 Piquentum Istriae opp. piguentum est. Ex coppo

1009 1146 2591 163 15 piraeeus, et piraeus Mhenarum portus ab eis distans Studijt

1244 1256 2360 137 XXV, porticibus quinq. cinuus, in tres portus diuidet

1240 1327 2356 142 tur : alter uocab anur portus, Canthari a cantharo

1244 1416 2360 150 roe quodam, ubi nauale erayt, naues q. febant alte

1235 1500 2378 163 Aphrodision a templo Veneris : tertius Zea ab horde

1253 1593 2174 154 nunc dicitur portus leo. Ex Vaino, portulano

1009 1677 2378 146 popiri mons in Germania, est knytlinger. Ex Latro

1018 1770 2573 159 etipirum Daciae opp : Berthalon dicitur in Transyluanis,

1222 1867 1501 115 Germanis Birthalmen. Ex eodem

1023 1902 2573 168 upisae Æthruniae urbs ortae a pelope, pisis q. Sius Alb

1240 2008 2347 146 tanis Graeca gente ; Alpheae olim dictae creduntur

1253 2115 2343 115 Villano, quoniam Alpheae originis dicuntur a Rut

1253 2199 1430 146 Claudio poeta. Ex illis, Plinio

1036 2270 2555 146 1ispisidia prouincia in Cilica a pisedo dicta, nunc Saur

1262 2349 2329 164 populi pisidae, et pisides, antea Solymi a Solymo Ionca

1248 2442 2343 146 chaldenes q. flio : Milyae postea, et Milyes a Mylita

1244 2553 2329 150 lymi ipsius ſororr, et uxote, ut suibit Timagems

1235 2650 2352 137 Cretensium coloni a Sa rpedone Minois fratre

1253 2739 2338 132 deduui, e Minyeor a Minoe appellai, Termillae etiam

1262 2832 2325 132 id Caballenses in Eydia creduntur Solymos fuiste : et

1240 2933 2351 142 lis, qui Termesi promontorio imminet, Solymus ui

1253 3009 2334 159 cantur, et Solymi ipsi Termeses proximi q. est Beit⟨a

1240 3101 2347 169 rophontis uallum, et Sepulchrum pisandri etus flij

1235 3208 2347 132 in bello ceci det contra Sobymos gesto Vt omnino

1240 3287 2351 155 Solymi incoluerint uertices Tauri montis, quae ſ

1244 3380 2334 160 circa Lyciam usq. ad pisidiam : nunc q. dicoentur

1288 3478 2299 159 4lezimi, uel Tzely mi. Ex Strabonr, Plinio, Stepha

1271 3566 876 146 :uſtathro, Munstenro

992 3610 2608 195 124 Nisonis lacus in pannonia a plinio dicicco, qui ab Anu

1235 3761 2361 141 nino uocatur Felicis, nunc, teste Lazio, Fercacus, et

1240 3814 1111 150 Germanis Neu ſid lersee

1014 3898 2577 177 12 Pistrensis pague paunoniae in Istri ripa, Vistricia est

1222 3995 416 129 Ex Cazuo

996 4035 2586 195 nspisye urbs cariae, pilye etiam dicta, et a Capitone fl

1240 4159 952 124 tyussa. Ex Stephano

1000 4208 2587 190 127 Placentia Galliae Togatae urbs a morum placiditatu r

1231 4332 2356 119 cata : prius Pucentia a pucentio conditore Bellous

1266 4425 2312 123 ſocio Colonia Romanorum a Coraelio Scipiom,

1279 4513 2312 133 empronio lorgso deducta : aucta postea a cn po
