3840 5310
1244 535 2409 221 prater populos ellos incolunre Griani, phocenses, et phaenio

1244 641 2374 190 2 Siculi dicebantur Barbai, Siceliotae autem Graeci eam in

1240 752 2382 163 lentes, ut ai Alius Dionysius : uel, ut Ammonius, Siculi Ex

1240 827 2400 186 ipsa Sicilia, Siceliotae autem, qui aliunde uenientes region

1240 911 2396 186 incolebant : Sicani autem proprie erant ad Sicanicam

1226 1013 2414 172 bem prope Agrigentum. Ex Ouidio, Dionysio, Strabone, pli

961 1181 2498 150 135 Sicoris Hispaniae fluuius Segre est. Ex Mario Aretio

1231 1110 1931 133 nio, Solino, Seruio, Stephano, Isaacio, Varrino

974 1274 2657 177 146 Sicum opp. in Illyrico, nunc Sebenichi inter Salonem, et

974 1442 2644 186 147 Sidrona Liburniae ciuitas inter pannoniam, et Dalmatiam

1222 1358 545 128 Scardoriam

1204 1544 2405 172 Stridona est, uulgo Sdrigna, et Sdregna Hieronym

1271 1641 2351 190 Theologi praeclariſsimi, Sancissimiq. paria. Ex acciq

974 1800 2657 200 118 Sidyma lyciae urbs a Sidymo dicta, Solyma appellatur a Strabos

1226 1725 687 146 lilio, peno Copp

983 1982 2639 203 149 Siga Mauritaniae Caesariensis urbs, Syphacis, Massinissae, B

1200 1911 1794 173 ut aliqui credunt. Ex Stephano, Munstero.

1200 2097 2427 204 5i, Iubaeq. regia ,nunc diruta iacet, et dicitur Zersem

969 2239 2419 252 150 Sigestrum in Liguria, Sestrias appellatur. Ex Blondo

1204 2181 1998 199 uel Guardia. Ex Strabone, Roberto, Oliuario

987 2371 2622 226 151 Sigaeum Troiae promontorium, uli fuere castra Graecorum

1200 2482 2422 217 pulchrum Achillis, patrocli, et Antilochi, est caput Sanctae M⟨⟩

969 2641 2636 235 132 Sigindunum Moesiae opp. Schendrinum est Seruiae metroe

1213 2601 1417 146 tiae. Ex Arato, Varino, Muſtero.

1186 2792 2414 190 dlis, expugnatum ab Amurathe Turcarum Imperaton ſ

956 2938 2596 203 135 Silo Syriae mons, Samuelis mons dicitur. Ex Brocaddo

1213 2876 284 137 azio

965 3062 2635 181 154 Sin Solitudo Arabiae inter mare Rubrum, et Synai, Cades e

1191 3146 2400 212 tiam dicta, orebs hoc est petra, ut Aquila interpreta

1178 3247 2427 200 tur, et pharan : per quam ſolitudinem Iudaei transſtu

1178 3349 2431 221 tes ex Ægypto adducti ſuere a Mose in terra Chana

1173 3464 2370 204 naeorum : quanuis pharan propriè Siti prima pars

1195 3557 2339 213 huius ſolitudinis prope montem Synai. Ab hoc loco

1173 3659 2379 239 Reges Ægyetios antiquos pharaones appellatos credidit

1169 3783 2396 199 Haymon Halberstattensis Episcopus psalmorum in

1155 3876 2445 221 terpres: licet postea fallatur dicens pharan esse pharamn

1169 4004 2108 151 turrim in ore maris. Ex Hieronyo, Ruberto

947 4062 2596 194 155 S inae populi ultra Indos, marimi ditessimi, norbis moribus

1138 4194 2360 164 quam Simillimi, chini iam sunt, et china eorum Regai

1155 4270 2397 190 fuit metropolis Sinae, quae perperam apud ptolemaeum

1160 4371 2396 200 gitus Theinae : facilis enim lupsus librarij fuit a o

1151 4486 1267 142 in s. Ex Odoacre Bcrbessa

3467 4513 58 164 o
