3681 5350
727 628 2494 178 uel fluuio elac fluente : postea Ccopiae a Nomanis appela¬

754 740 2048 147 lata. Ex Strabono, Scholijs in Theocitum, Stephano

464 824 2614 161 214 Syene urbs Ægypti c M. P. ambitu in peninsula facta a

749 905 2343 160 Nilo, dicta a Syene Daëti filio, ab Iesaia Sinis, ab

762 985 2379 187 Iphezkcel Seuene, ab Arabibus Asna, quòd pulchra

762 1087 2379 179 ſit, quod apud eos ſienificut nox illao, nunc Guaguera

2815 1203 107 107 S

771 1190 1580 160 Ex Plinio, Sephano, Munstero, Iouio.

446 1239 2744 214 215 Syllax, Syllaceum ue Germaniae opp. a L. Sylla, ut credi

762 1355 2347 196 tur, conditum, Cilia est in Styria, quod a Plimo, etc

771 1462 1799 187 ptolemaeo Celeta dicitur. Ex Ænea, Lazio

450 1529 2700 214 216 Syluestra Italiae urbs, Ayque est in Monferrato. Ex Corio

450 1640 2673 187 217 Syndicus urbs Sarmatiae in Asia Scythiae contenmina,

762 1716 2428 209 et portus in ponto, Gorgipe quo q. dicitur. x Stephono

441 1841 2700 169 218 Synnada urbs phygiae, Spnaea uocata ab Acamante

789 1917 2410 169 conditore, ab incolis postea Docimite, et Docimaea. Ex eodi

455 2006 2721 196 29 Syphax Hispaniae urbs cndita in memociam Syphacis Hu¬

767 2122 2454 151 midarum legis, nunc Iphax, diruta in bello Genuen

780 2242 1790 147 ſiun contra Catalaunos. Ex Beutero

455 2309 2712 152 220S yracusae urbs Graecarum maxima, et pulcherima in

794 2407 2431 161 Inſula Achradine Siciliae ,iuncta condita ab Archia

798 2510 2432 138 corinthio Delphici oraculi iussu : a Marcello capta, nuut

794 2612 2431 161 Saragosa Theociti poitae, et Archimedis machemathtci

785 2701 2271 179 pauia. Ex Gicerone, plutarcho, Stephano, Munstero.

486 2813 2686 142 uu Syracusanus portus in latere meridionali Corsicae Insulae

798 2889 2432 173 Bonifatius est Genuensium Colonia : quod oppodum di¬

803 2987 2280 156 rutum pisani instaurarunt. Ex ſuptiniano, Bracella

472 3085 2789 169 ut Syrtis maior in Aphrica DcXXν M p. ambitu, cccsss

803 3187 2440 170 M. aditas, : Vduptici nomine nunc appellatur à duobus oppia¬

803 3290 2418 147 dis, Gulfus Zedici a Cisipadibus fortasse antiquios in¬

807 3379 2414 160 colis, et Gulfus Zimairae: In quam quidem Syrtim

812 3504 2391 156 antiqui tres Insulas posuere Miſynum, Pontiam, et

816 3580 2387 151 Gaeam : nostri uero tantumduas Sidram, et Colomborci

820 3678 2267 173 Insulam. Ex Plinio, Ptoleniaeo, Bordono, leono Aphro

754 3771 2476 170 Syrtis minor cct M. p. ambitu, c M. aditu ab Hispaa

825 3874 2316 160 nis dicitur Banquos, uel Baxos de Barberia. Sunt

825 3967 2128 183 enim loca uadasa, et inacessa. Ex Plinio, Oliuario

3109 4092 45 147 a
