3666 5350
642 552 2475 161 principibus paruit, Libertatj tandem restituta ni tutu

664 659 2368 156 Andreae Auriae eius ciuis optimi, et fortissimi Impr

646 762 1775 134 ratoris. Ex Stephno, Iustinimo, Ioaio

410 842 2444 152 40 Geraea Luitaniae urbs, Caceres est. Ex Munstero

423 940 2547 152 4 Gergo, Gergobia, et Gergouia Ciuitas Arternorum

624 1034 2462 165 Ghliae, ab orosio chaiesta appellata, dicitur esse cla

651 1136 2363 143 romons. Ex ipso, Caesare, Liuio, Ptoleniao, Mariano.

410 1199 2698 178 42 Germanica legio Septima in Hispania Tarraconensi, olia

655 1306 2431 165 Sublancia, nunc Leom, Legionaè est, unde Legionis

651 1426 1748 134 Rexnum nomen acuepit. Ex Munsero

454 1480 2632 169 43 Gernoibopolis Galatiae merropolis, a plinio Germani

655 1578 2444 169 polis dicta, et in Binhynia uollocata, ab alijs Booscoete

651 1703 1793 115 et Helgas, nunc Gicapolis. Ex Eodem

419 1752 2676 187 44Gerusa Sarmatiae urbs in Asia, Sanctus Georgius uub

664 1885 1012 125 go uocatur. Ex eodem

432 1876 2672 237 15 G ussacus panabnise nons, Schatcl est in Styria. Ex

633 2046 388 138 Lazio.

432 2032 2658 250 446 Gessoriacum, uel Gissoriatum Morinorum nauale

642 2148 2479 250 apud Belgas, Bolonia est in Picardi⟦, uel Slusa, au

651 2273 2127 219 Brugia n Nlandria. Ex Hermolao, B. Rhenano

428 2376 2711 214 17 Ghesudi Syriae populi erant, ubi postea Trachonitae A

619 2501 1352 165 rabes fuiere. Ex Roberto.a

450 2545 2658 228 48 iganeum Colchorum ciuitas, Garbenda est. Ex Munst

445 2661 2672 196 49 Gigonus urbs Thracie abra pallenem, dicta a Gigone

753 2768 2386 192 Fthiopium Rege, qpui cum Baccho lasciuias exercui

660 2862 2390 187 Gigonina dicitur ab Artemidoro Ephesio. Ex Stephano

463 2973 2654 174 50 Elandomerum opp. in Hispunia Tarraconensi, uulgo dict

660 3098 1511 125 tur Mondanuedo. Ex Munstero.

468 3143 2671 191 31 Olanum Salicum urbs in Gallia Narbonensi, Gap uoc

691 3263 2239 187 tur, et Ciuitas, Glandatensis, Ex Munst. Eustaldo

477 3352 2640 201 32 Gnes populi Rhodum incolentes, Ignetes etiam dictum

677 3468 919 165 tur. Ex Stephano

472 3535 2698 183 85 Goarene regio Arabia prope Damascum, Goareia quo

686 3651 1227 165 que appellancr. Ex eodem

490 3709 2680 200 12 Gybaeum promoritorium in Gallia Lugdunensi ab olitu

700 3825 2475 165 rio Capat Sanai Matthaei dicitur, a Munstero fou

686 3927 2212 192 a Bordlono Firnus, a Volaterrano Tubalena

521 4052 2627 125 55 Gonnus, uel Gonni Macedoniae ciuitas dicta a Guneo

695 4150 2475 192 qui ex Cyphi genere fuit : a Strabone Gumius nuncu

709 4257 834 130 pantur. Ex Stephan

503 4288 2659 281 86 Gdnes Percheloa urbs ia qpia,  lycophone Gomsa dic
