3666 5350
718 588 2439 232 uat ctris, a luurtam diorupium. Hocm

722 762 2413 147 re Arabes uocant Bahar Corzum hoc est mare clar

709 851 2399 165 ſum, alij Mare Mecchae ab urbe insggni Meccha proprer

722 931 2413 174 Mahomethis arltum. Eius longitudo est 1400 M. P. luito

762 1070 232 133 0 oi

1226 1029 1918 174 Ex Strabon, ( Rusto Curtio, Plinio, Soleno

726 1145 2409 179 procopio, Stephano, Auen esdra, Rabi Salomono, Egun

722 1261 1356 165 bino, Munsſtero, Ionio, Barroso.

539 1319 2645 223 73 Eeſar opp. Mhiopiae ab Ægypijs Psammetichum fugientibu⟩

718 1466 2399 152 conditum, ut ait Aristocreon, Bionſapen uocan, quo

726 1551 1793 169 nomine nduenas ſignifici ait. Ex Plinio

557 1649 2622 147 E Ssedones populi in Sarmatia, Issedones ab Hecataeo di

718 1752 2479 142 ci, ab Alamane Assedones, ab alijs Issidi, et Aorsi, uedun

726 1850 2395 142 tur esse Massobij. Alij tamen notunt Massobios fuiss

735 1948 2217 138 Hamaxobios. Ex Plinio, Stephano, Iodoco, Qromero.

597 2006 2582 174 75 Eſthenis in Rhaetia rallis Orusiana nung appel atur. Ex Ægidia

593 2099 2305 170 Eſtiaea opp. in Euboea, oreum postea dictum, ut SctiE

731 2180 2230 169 ſanias, uel Oreus, ut est apud Stephanum, Horaeus us

2885 2162 294 116 ut Pat

749 2273 918 138 quod ait Ptilemaeus.

579 2322 2583 223 77 Echolinzea Incula prope Brisanniam, Athelnea est. Ex

740 2447 374 183 poldodo

602 2469 2537 241 8 E uganei Italiae populi fuere ubi nunc ſunt Patauini

740 2581 2453 223 Vicetini, Opitergni, Coenetenses, et Taurisci. Ex Sabel

588 2701 2417 165 79 Euganei molutes ſunt montes Paduae. Ex Berdono

597 2795 2623 187 380 Euilaei Aphricae populi ab Euila Chusi filio dicti, Getus

744 2911 2368 183 postea cppellati, qui primi omnium Aphricum tenuere

753 3027 906 142 Ex Sallustio, Iosepo

588 3036 2596 227 8 Ebaeus fluuius Asiae, qui Susianamm ab Eymaide dister

744 3169 2426 192 minat, ab Iudaeis, Daniele maxime dicitur, Vlat : ep

749 3267 2457 188 cuius tantum aquis Panhorum Reges bibebant. Ex plio

758 3397 611 107 nio, Mnstero

593 3419 2555 205 52 Euonium Britaniae opp. Donstaphage in Scotia est

762 3571 500 138 Ex Iuio.

597 3575 2645 227 83 Euonum Insula Graeciae ante Athon montem, Peparethus

753 3682 2355 214 postea dicta fuit, urbem habens eiusdem nominis

771 3838 946 161 Ex Plinio Stephano

602 3874 2622 218 84 Euanpnus Insula prope Siciliam minima ex Æelijs dicta

744 3990 2404 205 quod e Lipara in Siciliam naiui gantibus maxime ſi

758 4110 2475 196 niptra appereat: nunc Lustega. Ex Strab. pli. Boroono

606 4230 2524 165 85 Eupatoria Ciuitas in Ponto à Mithridate condita, eo

762 4342 2453 187 uicuo pompeiopolis, et Mgagnopolis dicta fuit a Poma

789 4449 2435 196 paio Magno, qui ei cddidit agus, et colanos. Ex Stra

3046 4592 187 129 boni
