3666 5350
445 637 2681 236 126 Bondiconaſus, uel recius Bodincomagus Fiurariensius op

709 798 2439 182 pidum, nunc pagus in ripa Padi, Bondenum  fluuio

762 913 2087 170 ppellatur. Ex Plinio, Blondo, peregrino Prisciano

450 1012 2667 165 107 Bonitium Æthruriae ope. potibongi est, quasi Pegium N80

700 1101 2457 165 nitium, a Carolo Neapolilanorum Rege dirutum, et a Flo

704 1185 2368 179 rentinis instauratum Botium dicitur a Sabellico. Ex

709 1279 695 165 platina, Blondo

490 1301 2689 241 108 Borbyces Asiae urbs, Herampolis postea dicta, quam M

718 1426 2421 214 Antonius Triumuir dom dedit Munese partho. Ex Plio

512 1524 2636 219 109 Boreium Cyrenaicae promontorium termitus Syrtisetarcdho

713 1627 2413 205 Rasuasen est in finibus Regni Tunetani, et qmpeus

731 1707 2444 205 Sultani Ægypiij, ante quam a Turcis Subiugaretur. Ex

735 1881 384 111 Barroso

517 1934 2653 165 110 Borinium Rhaetiae opp. Vuorms est in Comitatu Tiroli

718 2041 1766 156 Salubribus aquis cognitumc Ex Lazio

499 2108 2605 188 111 Bormiſcumlocum Macedoniae, in quo genitus est Eunm

722 2206 2422 197 pides, Macedones parria lingua uocant Cyas esteri¬

713 2336 1619 174 tas, Poeta Trapeteas. Ex chephano.

526 2385 2640 214 112 Borassia, et Hulmigeria, uel, ut Scribit Bonſinius Vlmo

731 2492 2444 200 rigia, uel, ut Aneas Syluius, Vliringia in Europa pro

740 2599 2390 187 uincia est, quae dicitur Prussia à p rutenis populis

740 2701 2430 210 olim phinnis appellatis. Æneas tanmn iee prutenos

758 2839 2319 170 credi fuusse Bucteres. Sed Bucteri ſunt, quos

767 2946 2448 165 Strabo, et Tacitus Bructeros, Ptolemaeus Busacte

767 3049 2292 187 ros, Plinius fortasse Ingaeuones appellat, nunc

776 3152 2417 187 Vuestuuali : qui cum Longebardis in Italiam ue

776 3276 2372 174 nore, rursus q. in patriam redeuntes Vue ſuua

793 3401 2413 143 lorum nomen habuerunt : Vualen enim di, cunt Ita

793 3499 2427 170 liani:, quae quidem Vuestualia pars fuit antiquae

798 3602 2426 223 Ecxaniae. Et dixi Ingaeuones apud plinium for

807 3731 2404 174 tasse Vuestucaalos inucare quoniam alij credunt

820 3834 2377 218 Ingaeuonaes nunc esse Selandos Oceano Germa

811 3958 2395 206 nico proximos ad hostia Rheni Licet Selandi re

816 4074 2363 210 ctius uideantur ſuisse caninefuites Ex ells, Vola

816 4204 1382 156 terrano, Auentino, Munstero.

575 4262 2662 196 113 BoryPthenes Ilurius maximus Sarmatia ex Venedicis

807 4373 2386 187 montibus ortus in Euxinum defluens, a Sarmatis

825 4485 2283 227 Naper Dicitur, et Dienpo, uel melius Dnieper. Ex

2947 4578 317 179 Matthia
