3595 5350
1440 566 348 174 primus

2484 552 165 134 17

450 677 2663 187 216 Antuates Galliae populi fuere, ubi nunc est Bernatiums

785 811 1882 152 in Sabaudia. Ex Ægidio, Rhellicano.

437 900 2729 178 27, Anxanum pherentanorum oppidum in Italia, Anxium

816 1007 2395 165 et Anxenum dictum, est Lanzanum, Ex Plinio, Voli

780 1123 776 134 terrano, Iouio.

437 1181 2805 223 218 Anxur Italiae opp. Volscorum lingna ſic uocatum, Tra

811 1297 2431 205 thina olim ab asperitate, a Don,sio in quintodecimo

802 1440 2454 156 antiquitatum Tarrhacena, ab Aleyxandro in Europa

816 1560 2444 156 Tyracina, ab alijs Tyracinae, a Strabone Taraci¬

802 1662 2351 148 na, a Plinio Tarracina, Terracina iam est

789 1778 1664 152 Ex illis, Seruio, Stephano, Blondo.

463 1868 2752 187 29 Aous Macedoniae fluuius, Apsus a Plutarcho nuncu

780 1957 2418 200 patus, ab Hecataeo Æas, nunc rauiſsa. Ex Stra

802 2104 1169 165 bone, Marino Barletio

477 2157 2765 197 20 Apaesus urbs Asiae inter Parium, et Lampſacum Mi

793 2264 2445 237 leſiorum colonia, ab Homero Paesus etiam dici

825 2403 2390 200 tur, quod ibi Argonanis arcnaiaea manserit ue

798 2518 2449 210 tibus flantibus. Ex Strabum, Stephano, Eustathio

490 2639 2766 205 22i Apamea Bith,yniae, uel Phrygiae urbs ab Apamosa Prus

807 2759 2498 201 ſiae nrore, Myrlia, et Myrlea etiam dicta à Myr

816 2871 2328 191 10 Colophoniorum Duce, uel à Myrlea Amazone

820 3009 2436 160 nunc Stamira. Ex Strab. Steph. Eust. Instiniano

700 3107 2569 160 Apameta in Syria a matre Seleuci nuncupata, Cher

793 3210 2507 164 phonesus a ciruitu aquarum, pella à Macedoniae

820 3317 2498 214 ule Chanc enim Macedones habitarumnt) Berenice

811 3464 2400 187 etiam, Buthis, et Bethis. Ex Stephano, Volaterrano

504 3575 2818 223 222 Apate Arabiae opp. ſicà Graecis uocatum, Arabes nun

789 3709 1276 165 cupant Siby. Ex Plinio.

544 3789 2546 205 u3 Aperrhae Lyciae Csuitas, phinica est. Ex Sophiano

539 3918 2734 201 247 Aphrica uria ex tibus orbis partibus dicta ab Aphe

825 4043 2444 143 ra Madiae filio, Terra olympia etiam uocata, Oca

834 4159 2413 178 nia, Eschatia, Coryphe,Hesperia, Ortygia, Ammo

838 4280 2471 178 nis, et Ammonia ab Ammone, Æthiopia, Cyreno

851 4382 2413 201 ophiusa, Libya à Lahabin filio Mesraimi, uel a

842 4516 2391 209 libya Epaphi, aut, ut Androtim ait, oceani fila, Ceph

3108 4676 201 112 nia
