3698 5310
1244 495 2281 204 Suegus At Iouius Suez credidit fuioe Arsinoen in Togb

1253 637 2298 146 rum finibus, Olbiam etiam appellatam : Baniaus⟧ uero fuit

1253 690 2307 172 Heroum urbem in fitibus Arabiae e alij dicuint Suaqeus

1262 800 2289 138 fuisse Theronem : uu Heroum urbs posidium ſit, teste A

1240 871 2316 164 ſtero, quae Hero, et Haemos appellata fuit, et ab Iudais H⟨a⟩

1240 973 2333 164 ſem, quam Iosepus Iacobo patri in Ægyptum auedemt

1244 1066 2334 159 concessit, etuli Typo fulmine ictus ſanguinem fudic

1253 1177 1302 115 Ex illis, Stphano, Volaterrano

1071 1199 2502 181 167 Puteoli Campaniae opp. Romanorum Colonia, a puteorum fe⟨a⟩

1244 1292 2316 168 quentia, uel ab aquarum Calidarum putore uocatum, Di¬

1257 1389 2308 150 chia prius, et Dicaea ob iustitiae administrationem a San

1244 1451 2334 190 integrè factam, Stephani tempore potioli dicebatur, nun

1262 1557 1731 173 Puzoli. Ex iesto, Stralo, Festo, Munstero

996 1610 2586 208 188pygniaei à pygmaeo Dori flio uocanti, in Thracia fuise di

1266 1712 2307 164 unntur ad Geraniam opp. quos Catigos Barbari: uocant

1244 1805 2316 168 Alijs eos collocan in Caria prope Trallim. Aristorteles in

1240 1889 2333 173 puoibus ſuperioribus Ægypti ultra Nilum, qui uiuatu

1253 1973 2303 168 elodytarum more, lougicudineq. ſint, quantum est a a

1279 2146 85 97 pil

1696 2066 1873 146 itos contractos, quod poyοσον dicitur . qu

1253 2141 2312 195 etiama ⟦acalolis obstrepeates gsues fufant. Alj item ppp

1235 2234 2330 177 maei dicuntur esse Boreales in locis è regione Thubis

1244 2323 2334 181 qui sagstis adeo tenuibus utantur, ut peracum miſti,

1262 2508 203 102 ſint

1510 2411 1581 177 Ex Plimo, Stphano, Eustathio, Vaino

1076 2455 2489 261 6pylae Graeciae urbs, postea Thermopylae dicta, quod tuo

1240 2553 2329 230 pdlat hoc est coluronae ſint in aedificpjs eius loci: ue

1262 2646 2320 230 pylade, qui primus iudicauit de Caede Cyytemneste

1244 2747 2352 208 uel quoniam ibi Minerua balnea caluda Horculi ſ⟨⟩

1253 2858 2320 190 bicauit, ut phileas ait. Ibi fiebat conuentus Anmp

1248 2955 2334 182 cyonum, et Pylagorae dicebantur qui ad concilium u

1257 3079 2321 133 pebantur ab lubibus ſocijs. Ex Harpurati one, Varino

1049 3141 2538 168 1Opylena urbs Ætoliae erat, quam Æoles in locis altionib

1235 3247 2334 142 trans ferentes proschion transmutato nomine uocarr

1253 3336 558 124 Ex uurbonro

3370 3323 199 106 ſucum

1014 3380 2564 186 177 Pylus in peloponneso nunc Nauarr inum dicitur, uel Iscutum

1195 3486 2387 164 Ties autem fuere pyli in pelopoanoso, Pylus cegnom

1222 3588 2365 151 ne Tripyliacus, Arcadicus etiam, Lepraeaticus, t Rebea

1200 3681 2347 155 Triphyliacus quidem, quod a tribus nationibus, qur

1235 3787 2343 155 pycaa dicuntur, in unum coniunctis teneretur, Epeia

1235 3871 2334 160 Minyis, et Eleis. Arcadicus uero quoniam alij po,

1240 3964 2329 164 nyis Arcadas dicunt locum habitasse Lepraeaticus

1235 4071 2316 150 autem quoniam propre Lepraeam fuerit : n Neleius a

1231 4146 2294 177 pare Nestoris Hic enim fuit pylus Nestonis pltus,

1248 4234 2325 182 qucum triginta ſtudijs a mari distuns, ut Minerua aput⟨s⟩

1248 4327 2325 173 Htomerum ostendit : an fEuia Elea prope fluuium Ein

1231 4442 2356 168 thoenta, unde pylue Emathoeis cognominatur : quig
