3698 5413
934 595 2619 198 120 Boeotia craeciae prouinia ad tia maria Spectans inter

1219 735 2334 149 cidem, Locrim, et Atticam, uocata a Boeoto Itonis,

1228 820 2330 172 Neptunmi, et Arnes filio: ſiue, Castore teste, a boua

1219 938 2348 158 quam praecedentem ſequutus est Cadmus ex phoeaicia

1223 1042 2335 135 a bsum copia : Aonia ab Aonibus populis : Mesapia

1210 1132 2361 180 amonte Meſapio : Ogygia ab Ogyge filio Boeoti,

1214 1244 2357 149 Corinna ſcribit : et Cadmeis etiam ab ipso Cadmo. e

1228 1339 2330 176 ti ipsi olim uocabantur Hyantes, Blissus, Ectenes, et

1255 1456 2307 140 Thebaei. Nam propriè qui Thebas incolebant Atticae

1237 1569 2330 140 termini Thebagenes dicebantur, ut Ephorus, Didymusf

1232 1655 2344 149 ſcribunt. Ex illis, Thucydide, Plinio, Ammonio, Stephamo

1237 1772 365 113 Varino

1006 1835 2556 221 0aBoi in Gallia Eugdunensi in Heduorum finibus a Caesu

1228 1984 2343 149 locati, Borbonienses ſunt. Quorum pars in Italiam uenio

1232 2088 2344 162 loca onnia inter Apenninum, Padum, et Arininum occum

1232 2187 2339 181 in centum duodecim nribus dicisi, auctore Catone : uice

1228 2318 2339 158 uero primum a 4 Fabio, et Ti Manlio Coss. deiude a

1232 2399 2344 199 Furio, et C. Elaninio Coss demum a M. Marcello, eta

1237 2521 2343 185 Scipione Coss. Italia pulsi Vindelitiam, et Horicum obs

1246 2620 2330 199 nuerunt, quam Boioariam dixere, nunc appellamus D

1219 2715 2361 217 nariam ab Auaribus Hunnis Attilae exercitus reliqu⟩

1232 2828 2357 230 eo truduttis a Carolo Magno, cnle Auaria, et Narg

1246 2963 2334 203 nia quandoquè dicta fuit, et ab Epaphrodito Noraa

1232 3076 2357 207 auri, argenti, ferrifodinis, et Salis fontibus illustris. Iuio

1246 3175 2325 217 pouinciae populos Tauriſcos Strabonem appellasse cot

1250 3279 2330 230 dit Volaterranus. Sel certe Taurisci alpium incolae Nocg⟨⟩

1246 3401 2302 230 etiam ſunt uocati, et ab ratosthene Terisci, ab alijs

1277 3518 2285 230 Trol, nunc Styrij. A quibus originem habuere Tau

1241 3604 2326 248 ſci in Thracia, qui Ligyeisci dicuntur. Ex Potybio, Li

1219 3730 2361 226 Strabone, plinio, Stephano, Eginhardo, Sabellico, Volae

1219 3843 1508 176 rano Merula, Vadiano, Munſtero.

979 3919 2606 230 105 Boium Italiae opp. Boibum est in Romandiola. Ex declarator

1187 4037 592 131 urbium Italiae

1002 4113 2583 208 1neAolgntium pannoriae opp. dicitur Rachespurg. Ex Munstero

1015 4213 2570 207 105 Bolissus urbs Æolica in extremitate prope chium, in qua

1214 4334 2375 181 Homerus, Ephoro teste, dic habitauit, a Thucydide uoc

1237 4407 2366 225 tur Boliſcus, et ab Androtione Bolisus. Ex eillis, Stphan

3282 4619 271 135 tcaBo
