3681 5350
464 374 2427 205 l undonium Galliae opp. Augusta uocatur. Ex Ammiauo

276 459 152 165 115

2324 499 94 169 8

1240 517 415 147 Decimus

548 601 1914 174 x rium, Caput uallis est. Ex Mario Aretio.

352 699 2766 174 114 Lupfurdum Germaniae urbs, Mysna est, et uulgo Merssem

638 820 1119 138 Ex Munſtero, Castalio

361 856 2713 209 115 Lupi ager in Thessalia, Eycostomion postea dictus fuit

638 967 2391 214 quod hoc loco lupus deuorasset armenta, quae Pe

664 1087 2401 183 leus mittebat Acasto pro redemptione caedis Actoris

687 1203 2364 210 Acasti filij, quem Peleus inuitus in uenatione inter

646 1355 1000 192 fecerat. Ex Isaacio.

401 1382 2641 272 116 Lupia fluuius Germaniae inter Bucteros ſtadijs Dc

660 1511 2436 214 a Rheno remotus, Nicris etiam dictus, nunc Necarus

660 1613 2454 223 et Neccer. Ex Strabone, Tacito, Vadiano, Rhenano

441 1761 2419 209 17 Lupinum Rhaetiae opp. Meinfold est. Ex Ægidio

455 1908 2672 156 118 Lupondus, ut apud Ausonium legendum est, Lupodnu

660 1997 2432 178 aut Luponum opp. in Germania, Lupsf est in Sur

664 2122 1209 138 uia. Ex Beato Rhenano

486 2189 2597 209 159 Lusitania Hispaniae prouincia a Luso Rege Liberi pa

673 2309 2405 192 tris filio dicta, nunc Portugallia à Porto, et Gaya

678 2443 2458 182 urbibus, uel a porto, et Gallercis populis : nobile Regnum

682 2576 2374 183 ab Alphonso Sexco Castellae Rege institutum, ut

691 2706 2351 169 uolunt Hispani, uel a populis ipsis, et Mphonso Lo

700 2844 2414 183 thuringio, Seu Pannonio, Regibus quinq. Mauris

696 2964 2293 183 ſuperatis : cuotum uero ab Emauele, et Ioanne

704 3085 2343 209 Tertio Regibus, qui Regna maxima acquiſiere

709 3227 2356 174 in India uictricibus classibus ed̀ missis. Ex P

704 3343 2401 187 nio, Odoacro Galuano Lusitano, Roderico, Sabe H

713 3490 808 161 lico, Barroso.

468 3544 2668 214 poLuspia Italiae opp. in Salentinis, nunc uocatur Lechiu

704 3664 2142 183 et uulgo Lezum in Calabria. Ex Munstero.

459 3762 2659 205 22 Lutecia, ect Lucotocia parisiorum opp. in Gaia ad s

736 3887 2378 187 quanam fluuium, Parisium dictum a Paride nes

727 3990 2414 227 ſcio quo Rege, nunc paris regia Gallorum. Ex

727 4123 1423 214 Strabone, Ruuberto, Munstero

513 4226 2686 205 nuL uteuani populi in Gallia Narbonensi, Fronerom

736 4364 1209 214 ſiss etiam dici. Ex Pinio
