3698 5413
1151 658 2407 221 aestate nudi ſut, qua causa Symnetides, Gymnesiae, et

1160 798 2420 171 Gymnasiae etiam dictae fuere : ſiue, ut Suibit philteas

1160 924 2416 131 in tertio rerum Naxiacarum quoniam Boeoti naufr

1169 1010 2357 162 gio facto nudi in illas euaserintu, tres tantum

1173 1123 2403 144 fundas ferentes unam collo, alteram coxis, Lertiam

1160 1217 2366 154 manribus : nude Insulani fundis maxime pugnanus

1164 1326 2416 153 et Timaeus Insulas ipsas a fundis appellauit Cha

1164 1429 2344 145 radas : Hispani utras que Valerias appullarnt, et

1173 1538 2407 158 Hiaſsusas : postea uel ante Iustiniani tempora alteran

1160 1655 2420 149 dixere Maioricam C. M. P longitudine, 480 cmbitu : a

1160 1759 2384 153 teram Minoricam longitudine Eo M P. 150 M. cir

1155 1853 2425 158 cuitu. Ex Maiorica illa Colubraria olinm dicebatu, uel

1155 1953 2416 176 Clumba, Minorica uero Nura. Stephanus ipsas appei

1160 2043 2379 194 lat Bliaridas, Dioscorides Calaridas fortasse pro

537 2165 3011 194 uel choccalibus Balearidis Has ipsas Bocchoris Rex possedic, Metel

1142 2277 2425 190 lus Balearicus Romanorum Imp. cepit pooſtea Sara

1160 2381 2307 185 ceni, inde pisani, tandime anno 1250 Iacobus Ara

1151 2480 2316 203 niae Rex. Ex Strabone, Plinio, Dioscoride, Dione

1151 2607 2384 171 Cocciano, Martiano Capella, Stephano Isaacio, Ber

1155 2724 831 153 tero, Volaterrano.

939 2769 2655 208 21 Balcnga Inliae Ciuitus extr Gangem, Pego nun cupatum, uell

1128 2904 1472 172 Sbarella. Ex Munstero, Castadddo

934 2981 2678 172 22 Balsa Turdosanocum uurbs in Hispania, Tauillade. Ex Olicuo

948 3067 2646 212 23 Banaſa Augusti colunia in Tingitana, Valentia etiam apg

1119 3184 1030 140 pellata fuit. Ex Plinio.

943 3238 2655 176 24 Bara Asiae portus ſupra pontuum in Sarnatia, nunc di

1146 3356 1581 157 citur Portus Maidi. Ex Munſtero

930 3428 2664 203 25 Baracura Indiae emporium exrra Gaeugem. Bangella est

1155 3545 605 140 bx Castaldo

984 3595 2443 176 26 Barathia Aphricae urbs, Brata uocatur. Ex Munstero.

979 3707 2588 163 27 Barbarium promontorium in Lusitania, Caput Spichela

1142 3802 1084 122 est. Ex Mario Aretio

970 3883 2610 190 28 Barce, et Barcaea Aphricae urbs à Barce Libyae Repia

1137 4005 2439 144 na dicta, Ptolemais postea, nunc Tolemeta, condita

1146 4091 2398 176 a Perseo, Zacyntho, Aristoniedonte, et Lyco Batti

1128 4199 2479 181 fratribus. Ex Strabone, Scholijs in Sophoclem, Steph Mtuat

1124 4312 2488 149 Barce regio Aphricae à Borio promontorio, ueq. ad Mar

1151 4398 2456 194 marides dicta ab urbe Barce. xeuliapuolis, ebi quinque

1160 4515 2429 207 ubibus in ea precipuis existentibus,; Cyrene, et Cre a

3336 4659 240 122 naia
