3666 5350
709 606 2395 187 cule anditum, ab aliss Grauistcas uocatum Dlondus auten

722 726 2431 174 cornetum Scribit fuse Castrum nouum, alij Castrum Inui

740 824 2408 192 hoc est Panis, uel Fauni, ut Rutilius Claudius interpre

744 922 2426 183 tatur: et ab eo cornigero Meo etiam cornetum appella

740 1016 2435 201 tum : Coritum autem ⟦uolunt esse Cortonam Coloniam

749 1132 2332 196 Romanorum, Crotonem, et Corthoniam dictam a

744 1248 2337 196 Dionysio, et a Stephano metropolim Tyrrheniae ( utu

735 1355 2453 187 omnino fNepanie, uideatur Annius ille, qui Viterbum

740 1471 2422 209 ſuibii fuisse metropolim Æthrriaehy quam urbem Ar

740 1600 2381 218 deam, et Turnam uocatam Scribit Villanus Flo

2457 1707 152 89 illa

753 1752 2288 178 rentinus tempore Iani conditan. Ei tamen in

758 1854 2301 196 huiusmod urbium nominibus, et conditoribus null a

740 1970 1686 214 prorsus fides adhibenda uidetur

481 2055 2400 209 26 4 Cornacum pannoniae opp. karosca est. Ex Lazio.

477 2175 2707 210 265 Cornu Acronij opp. ad lacum Brigantinum in Germa

744 2269 2458 214 nia, nunc est Cella Ratolih, uel Rodoihi. Ex Nau

726 2403 607 165 clero, Lazio

481 2469 2654 210 266 Cornus Sardiniae urbs mediterranea Galea dicitur. Ex

486 2617 2560 231 267 Ceronea Macedoniae urbs, Cranon uocatur. Ex eodema

771 2603 451 143 Munstero

512 2755 2663 191 28 Corsilianum Senensium opp. in Æthrunia, Pientia ap

780 2871 2426 182 pellatur ex Pij Seuundi ſunsmi pont optimi, doctiſsimo

771 3000 1450 156 uiri nomine. Ex Volaterrano.

553 3080 2667 187 269 Corus Asiae fluuius ex Armenia ortus, Arrhabonem, et a

789 3192 2390 178 lios fluuios nauigabiles recipiens, Per Albaniam, et

789 3290 2381 183 Armeniam delatus in mare Caspium erumpit : Cyrus

798 3383 2381 197 postea nocatus : a quo fluuio Cyrus Rex nomen ha

789 3499 2439 201 buit, cum antea uocaretur Agradatus. Ex Stralonio

548 3597 2689 205 270C ossignanum Piceni oppidum Torsignanum est. Ex Blonio

557 3718 2631 174 20 Cosyra Insula, urbs q. Aphricae ex aduerso Clupeae, Glo

807 3811 2435 210 Spyra ab alijs uocata, nunc Pantalarea. Ex Munstero

807 3950 923 165 Htoratio Nucula. S

575 4016 2640 214 277C ougium Vaccaeorum urbs in Hispania, Cabezm est

820 4186 691 143 Ex Munſtero

588 4226 2676 196 2746 Ounos Iusula prope Britanniaum, Schepey dicitur. Ex eodam

588 4364 2591 161 204 Cranae Insula Laconica, uel Atticae, ut anut Hecataeus, a

842 4462 2337 196 Cranao Hegr dicta : Macris propter longitudinem

2939 4574 218 138 LX
