3840 5310
1222 588 2073 195 Sauaria fluuius pannoniae, Mura est. Ex Iouio.

1005 663 2657 213 67 Sauena fluuius Italiae in Apennino ortus Ex tribus fontbus

1231 800 2453 186 quae dicuntur tres Sauonellae, quaderna est inter Bononia

1257 889 1905 181 et forum Cornolij. Ex Volaterrano, Leandro.

987 969 2689 230 18 Saxonum Insulae tres Germaniae adiacentes, Sacraterra nunc

992 1154 2179 169 69 Scala Rhaetiae mons, uulgi Schalberg. Ex Ægidio

1248 1115 824 119 citur. Ex Cranzio.

1014 1278 2670 129 70 Scalabiscus Lusitanorum ciuitas, ccalabis colonia, Praesiao

1284 1358 2383 146 Iulium a Plinio dicta, ub alijs Turris Iulia, nunc Tre

1000 1517 2667 186 71 Scamander, et Scamandrus tioiae fluuius, quasi Cama

1275 1442 1311 168 et Trogillum. Ex Munstero

1275 1606 2396 190 ddus, quod Sic diceretur quando Hercules aduersus Ii⟨⟩

1288 1703 2379 195 pugnanuib : uel qudd fuerit aipu airllgoo labor ipsius

1288 1800 2374 191 Herculis i ſitiens enim tunc terram esfodit, et huius p

1311 1924 2351 164 uis fontes eduxit. Zanthus etiam appellatus a Xarn

1359 2035 2286 155 Egyptio, uel Cretensi, uel quod eius aqua pota oue

1324 2110 2325 186 fas facint : uel Secundum fabulas, quod Venus anti,

1324 2208 2325 177 paridis iuditium ſubiret, in eo lota flauos Sibi fece rit

1324 2309 2321 173 pillos. Ex Homero, Plimo, Stephano, Eustatho, Vuino.

1275 2407 2383 150 Scamander Boeotiae fluuius a Scamandro filio Dimachs

1036 2562 2617 177 72 Scardona Illynici urbs, Scardo est, uel Sara. Ex Rob. Laru

1315 2513 1997 133 Glauces uocatus, poſtea Inachus. Ex Plutarcho

1244 2681 2427 151 Scardona Insula Liburniae adiacens, nunc dicitur Mabt

1040 2836 2631 181 93 Scardus mons Epiri, Mons orbelli, et Maranais est. Ex

1302 2765 983 146 Sonſilium. Ex Munst

1014 3031 2644 190 74 Scarphe urbs Eubeae in colle posita, dicta ab Homero

1280 2960 726 155 Barletio, Lazio

1284 3150 2352 155 on, Eteoneus, et Eteonus ab Eteone patre Eleonis

1297 3270 2348 110 Strabo tamen Eteonum dicit locum fuisse Parasopiae

1284 3349 2365 146 Boeotia, qui mutato nomine Scaphlae dicitur. Est autenm

1306 3447 2352 150 parasopia regio Boeotiae circa Asopum ſub Thibun

1306 3557 2352 137 dum imperio. Ex ipso Stralone Homori Intepnete, Eustas

1222 3624 2440 172 Scarphe, et Scarpheia urbs Locridis a Scarphesa illuſt

1288 3717 2379 190 foemina, uel ab arborum densitate, postea pharygae dictu

1297 3823 2365 181 quòd in apoycusa hoc est faucibus ſit : ubi Iunonis pha

1293 3920 2360 190 dygeae templum erat. quae urbs ex fuudamentis corrat

1293 4031 2356 168 et periere non minus Septem milibus uirorum, uil, ue

1271 4132 2378 182 Strabo ait, tuille et Septingenti. Stephanus Tarphen et

1284 4225 2365 186 ipsam louidis urbem Pharygas appellatam trdit memo

1284 4323 2356 190 certe lapsu, quoniam Strabo, et Eustathius non Targ

1275 4416 2356 221 ſed Sciphen pharygas nuncupatus stibant. Ex ipsa
