3681 5350
580 588 2333 196 des et Arabiam desenam, Veb, Hurg dicitur a qu

588 740 2343 129 busdam, a Latinis, et Gracis Hur chaldaeorum, ab

611 824 2351 156 gramaeis Hurchoa, ab Iudaeis Huscaodi. Ex Samo

303 949 2704 196 34 Orcynheis opp. Germaniae in Sylua Hercynia ab ipso or

597 905 670 129 theo, Roberto

588 1070 2379 151 cyuio dictum, nunc pfortzheim. Ex Beato Rhenano

343 1145 2668 183 35 Ordouicum Britanniae opp. Nordouicum dicitur. Ex poly, db

356 1248 2633 178 96 Oreata, uel, ut apuod Arrhianum est, Oratha, opp. pelo Eo

611 1333 2396 169 ponnesi Braſiae postea appellatum, quoniam ad hoc

611 1431 2369 147 ſittus appulit arca, ubi cadauer Semeles, et Bac

620 1520 2369 178 chus erant : id autem CnBcpicisau dicitur. Ex paui

620 1640 812 174 ſanin, Stephano.

379 1654 2619 227 57 Orene Insula in oceano Indico apud Arrhianum, or

606 1774 2401 192 neon fortasse a ptolemaeo dicta, nunc uero Macqua

638 1921 696 138 Ex Rhamnusio

441 1908 2561 254 Orestia Britanniae urbs, Anguscia est in Scotia, uulga

620 2082 955 156 Anguishe. Ex louio

548 2068 2521 286 Orestia in Aruudia, quam Eudaemon, et Horus orestitur

669 2175 2351 286 pppellant, dicta ab oreste, qui ab Bydra morsus ib

642 2300 2414 245 obierit : Ecatontachiria etiam appellata fuit, quoni

651 2416 2378 201 in ea habitarint Coiitus et Briareus, qui centum

629 2514 2409 196 manus habere dicebantur: postea Megalopolis uoca

660 2599 2311 205 ta, et nunc Londarium polybij patria, cercidae

651 2719 2369 170 etiam lelgum latonis, et Acesodori, qui de urbibus Scui

655 2822 1549 169 ſit. Ex Stephano, Fulgentio, Iouio

392 2853 2677 245 39 Oritani Hispaniae Tarraconensis populi, a Plinio Germanm

646 3045 683 111 nuncupantur

365 2978 2700 276 60 Oretum Gaermanitum metropols oretanorum in Hispania

642 3107 2325 218 Calatraua, uel Almagrum est. Ex Munst. Castaldo

392 3183 2691 236 12 Oriola opp. Hispaniae, orontia est, orynti quma. Ex Gerude,

388 3290 2628 240 61 Origiacum Atrebatum urbs in Gallia Bdlgica, Arras

664 3419 812 196 est. Ex Sabellico.

406 3415 2614 263 163 Ormenion urbs Thessaliae inter pheras et Larissam

696 3526 2338 263 Hyntoris, phoenicis, et Iasonis Thessali patria : oo

687 3637 2351 237 pminion postea uocatahe fuit, pagus iuxta ſinum pa

700 3744 2284 228 gesiticum distans a Demetriade XXVit Stadijs. Ex

696 3905 1008 156 Strabone, Eustathio

455 3860 2628 313 64 Orobiorum montes. in Gallia Togata cirta Larium, es

713 4003 2401 259 Ibduam, Briancti dicuntur, et mons Robius Hoc enia¬

696 4106 2351 245 loco fuere Orobij uetustissimi populi, qui Comum,

709 4181 2418 268 Bergomum, alia q. oppida fabricarunt in ipsa Gallo

700 4324 1379 214 Iogata. Ex Plinio, Mrula

459 4324 2575 343 658robtds, et orobis Galliae Hartonensis fluius, ebri

731 4565 835 200 est. Ex Mustero
