3595 5350
1547 624 348 133 primus

878 646 2386 250 Euxaa, u, ut quidun dicunt, Heptapolis à Septem

878 815 2431 170 urbibus, quas aiunt in prouincia fuisse : et fallun

878 918 2382 178 nur : nam multo plures fuer erant, et Amase reu

914 1020 2359 188 nante uiginti milia fuere. Populi ab Iudaeis ue

887 1123 2435 178 cantur Misrai, quomodo et apud Iosepum legendum

887 1234 2364 192 est : fuere q. primo ſub Regibus, quos communi

869 1346 2413 218 nomine pharaones uocarunt, inde ſub Æthiopa

874 1462 2386 236 bus, Persis, Alexandro : quo mortuo Regnum accepit

878 1591 2337 210 Ptolemaeus Lagi, quod eius posteri ducenis fere

878 1716 2382 187 annis possedere, donec ab Augusto fuita Cleopatra

878 1832 2413 192 capta. Saraceni Romanis prouinciam ademere Re

851 1952 2355 179 ges ſibi instituentes, quos Sultanos appellarum

869 2082 2431 160 bed nostris temporibus Sultanis deletis a Selin

842 2211 2467 192 Tarearum Imperaton Ægyptij Turcis ſeriunt. Ar

860 2345 2449 173 liqui Ægyptum dixere ultimam fluuialem regionen

847 2492 2444 160 Ex umraque Nili paete, quae à Nilo irrigatur, a le

860 2594 2404 179 cis Syene proximis, usq. ad mare, quae raro trei

838 2706 2529 214 centorum Stadiorum latitudinem obtinet. posteriores

842 2826 2463 223 uero apsumpſerunt orientales partes fere omnes

838 2946 2413 192 quae intaer Arabicum ſinum ſunt, et Nilum : et

847 3076 2404 178 in duas partes diviſerunt. quae ad mare inter Ca

847 3201 2333 191 nobicum, et pelusiacum Nili ostia erat, Delta a

838 3317 2471 205 figura dicebatur. ſunma pars contermina Æthis

829 3468 2386 174 piae Thebais ab urbe nuncupabatur. Tota di

842 3588 2329 192 uidebatur in Praefecturas uiginti ſeptum, qua

838 3709 2342 218 Nomos appellaaant, nominibus ab oppidis deducti

838 3825 2261 223 unde et totidem aulae erant etiam in Labyrinth

816 3936 2444 250 Ægyptiaco. Ex Strabone, Iosepo, Plinio, Stephano

820 4070 2436 227 Eustathio, Varino, Volaterrano, Petro Martyro, Iouio

504 4173 2720 218 61 Ælia Nicina Piceni oppidum ab Ælio Antonino Vero cons

842 4288 2422 201 tum, ubi fuere Recinates : a Gotthis euersum, posteo

847 4422 2409 165 instauratum, dictumq. Recanati celebre Italiae ampt

838 4507 2431 250 rium Larinum etiam appellatum. Ex Bbudo, Vola

842 4650 901 182 terrano, Munsſtero.
