3689 5270
1826 421 268 141 Liber

917 544 2644 193 910 Ætolia ab Acheloo ad Loctes otolas, Parnassum, et Oeta

1168 649 2358 167 es5 fuit, quam incoluere Ætuli ex genere Curetum a

1203 764 2336 167 Ætolo Enlymionis filio uocati : qui ex Chalcide Euboooa

1198 865 2306 167 in loca circa Plerronem transmigrarune ad Curis

1194 974 2380 163 oppidum, nnde Pleuronios Curetas nominarunt. Hyu

1190 1084 2397 176 lijs quoq. prouincia dicta, nunc Despotatus, et populi Ae A

1190 1198 2376 172 tini. Bipartita olim fuit. pars enim campestris, etu

1163 1313 2345 193 frugibus abundans pleuroni astributa ab Achelro

1168 1444 2367 185 chaelydonis listus Antiqua Ætolia dicebatur. Epicteto

1159 1589 2411 176 uero pars ad Septentrionem uergens aspera, et sts

1168 1682 2402 210 rilis a Locride usq. ad oetaeos Athamanes, et han

1163 1826 2376 194 Calydoni astribuere. Ex Strabone, Stephano, Nicea

1163 1958 958 150 Eustathio, Collenutio

882 2037 2635 224 91 Æzani phrygiae urbs ab Æzene Tantali filio dicta, M

1150 2178 2385 189 nios ab alijs Herodiano teste, ab Hermogene Ezana

1181 2288 2354 202 qus, et Exanagus propter etchinum, et uulpem, quo

900 2468 2622 219 92 Agarus Saematiae fluuius in curopa, Sagaris dicitura

1146 2415 2266 176 in penuria Euphorbus Dijs mactauit. Ex Stephano.

1128 2595 2407 202 Ouidio, ut aliqui uolunt. Sed Sagaris esſt in Gallagrae

1146 2678 2384 242 cia inter Chalcedonem, et Heracleam, qui Berecyn

1163 2788 2328 255 pbhum tangens in Propontide labitur, ubi fure ariitia

1141 2898 2394 259 cordij, Midaeq. phoygum domicilia Sangarius a Ptolenicae

1146 3017 2393 259 et a Strabone dictus, a Myeleano Sangarus a Sangi⟩

1155 3157 2362 211 quodam impio in Rheam, ab ea in fluuium conuersu

1141 3267 2385 272 2 Stephano fluuius uocatur Sagrarius, a plerisq. C

1133 3377 2389 263 ralius, nunc uulge Zagari. Sed et Coralium fluuio

1133 3495 2362 273 in Boeotia nominat Alcaeus prope Coroneum, qui

1119 3596 2442 259 alio nomine Cuarius dicitur. Ex Strabone, Plio, S

1119 3715 835 162 phano, Munstero.

812 3807 2710 259 33 Agathe in Gallia Narbonensi urbs, Agache tyche a

1102 3948 2415 241 mosthene dicta, nunc Mons pesulanus, et uulgo Po

1111 4066 2411 277 Mompolier a monte, qui a Strabone Sigius, a Pt

1102 4189 2455 277 lemaeo Setius, a Pomponio Mesua uocatur. Ex

1119 4290 1779 272 llis, Appiano : Stephano, Munstere

3289 4497 246 206 Agn
