<?xml version="1.0" encoding="UTF-8"?>
<alto xmlns:xsi="http://www.w3.org/2001/XMLSchema-instance"
      xmlns="http://www.loc.gov/standards/alto/ns-v4#"
      xsi:schemaLocation="http://www.loc.gov/standards/alto/ns-v4# http://www.loc.gov/standards/alto/v4/alto-4-2.xsd">
  <Description>
    <MeasurementUnit>pixel</MeasurementUnit>
    <sourceImageInformation>
      <fileName>Cod_174_f060v.tif</fileName>
      
    </sourceImageInformation>
  </Description>
  
  <Tags>
    <OtherTag ID="BT98" LABEL="MainZone" DESCRIPTION="block type MainZone"/><OtherTag ID="BT99" LABEL="RunningTitleZone" DESCRIPTION="block type RunningTitleZone"/><OtherTag ID="BT100" LABEL="QuireMarksZone:catchwords" DESCRIPTION="block type QuireMarksZone:catchwords"/><OtherTag ID="BT101" LABEL="TitlePageZone" DESCRIPTION="block type TitlePageZone"/><OtherTag ID="BT110" LABEL="MarginTextZone:note" DESCRIPTION="block type MarginTextZone:note"/><OtherTag ID="BT111" LABEL="NumberingZone:page" DESCRIPTION="block type NumberingZone:page"/>
    <OtherTag ID="LT41" LABEL="headingLine" DESCRIPTION="line type headingLine"/><OtherTag ID="LT43" LABEL="InterlinearLine:correction" DESCRIPTION="line type InterlinearLine:correction"/><OtherTag ID="LT85" LABEL="DefaultLine" DESCRIPTION="line type DefaultLine"/>
  </Tags>
  
  <Layout>
    <Page WIDTH="3698"
          HEIGHT="5413"
          PHYSICAL_IMG_NR="165"
          ID="eSc_dummypage_">
      <PrintSpace HPOS="0"
                  VPOS="0"
                  WIDTH="3698"
                  HEIGHT="5413">
        
        <TextBlock HPOS="1011"
                   VPOS="613"
                   WIDTH="2614"
                   HEIGHT="4019"
                   ID="eSc_textblock_60efed1e"
                   TAGREFS="BT98">
          <Shape><Polygon POINTS="3305 613 3535 613 3625 703 3625 4596 2835 4632 1264 4524 1192 4271 1228 3897 1047 3784 1029 3680 1264 3550 1282 2399 1246 2255 1065 2178 1047 2056 1246 1926 1246 1696 1119 1673 1083 1547 1228 1263 1119 1240 1065 1118 1241 1064 1282 974 1223 879 1065 861 1011 703 1083 649 3305 613"/></Shape>
          
          
          <TextLine ID="eSc_line_fe831406"
                    TAGREFS="LT85"
                    BASELINE="1061 721 3567 712" 
                    HPOS="1056"
                    VPOS="595"
                    WIDTH="2511"
                    HEIGHT="189">
            <Shape><Polygon POINTS="1061 721 1056 604 1336 622 1399 599 1408 599 1413 599 1413 599 1413 599 1417 599 1417 599 1417 599 1422 599 1422 599 1426 599 1426 599 1426 599 1426 604 1462 631 1788 599 1819 599 1824 599 1824 599 1824 599 1828 599 1828 599 1833 599 1833 599 1900 640 2090 617 2090 617 2095 617 2095 617 2302 640 2587 636 2718 599 2736 595 2740 595 2740 595 2745 595 2745 595 2745 595 2749 595 2749 595 2758 599 2840 636 3065 599 3070 599 3070 599 3074 599 3074 599 3074 599 3079 599 3196 622 3553 599 3567 712 3558 775 3472 753 3404 775 3404 775 3404 775 3399 775 3399 775 3395 775 3395 775 3395 775 3386 775 3278 753 3232 775 3219 780 3219 780 3219 780 3214 780 3214 780 3214 784 2966 784 2962 780 2962 780 2957 780 2957 780 2957 780 2939 771 2903 753 2849 771 2822 780 2817 780 2817 780 2817 780 2813 780 2813 780 2736 771 2650 757 2636 771 2627 775 2627 780 2627 780 2623 780 2623 780 2623 780 2618 780 2618 780 2618 780 2311 784 2307 784 2307 784 2302 784 2302 784 2302 784 2298 784 2271 766 2266 762 2257 766 2230 784 2226 784 2226 784 2226 784 2221 784 2221 784 2216 784 2216 784 2004 762 1932 757 1873 762 1684 784 1684 784 1679 784 1679 784 1675 784 1675 784 1607 762 1593 757 1562 757 1377 780 1377 780 1372 780 1372 780 1368 780 1368 780 1368 780 1363 780 1363 780 1336 757 1332 757 1061 757"/></Shape>
	    <String CONTENT="42 Enippe Banicae fons, Aganipe posteae dictus Ex Strab Vib⟨⟩"
                    HPOS="1056"
                    VPOS="595"
                    WIDTH="2511"
                    HEIGHT="189"></String>
          </TextLine>

          
          
          <TextLine ID="eSc_line_00e347be"
                    TAGREFS="LT85"
                    BASELINE="1079 807 3562 820" 
                    HPOS="1070"
                    VPOS="717"
                    WIDTH="2492"
                    HEIGHT="162">
            <Shape><Polygon POINTS="1079 807 1079 717 1368 748 1566 721 1589 721 1589 721 1593 721 1593 721 1634 726 1909 757 2221 757 2253 735 2257 730 2262 730 2262 730 2262 730 2266 730 2266 730 2266 730 2271 730 2271 730 2275 730 2275 730 2275 730 2280 730 2280 730 2284 735 2311 757 2600 757 2614 739 2627 730 2627 726 2627 726 2632 726 2632 726 2632 726 2636 726 2636 726 2641 726 2641 726 2641 726 2718 739 2790 757 2840 744 2885 730 2889 730 2889 730 2889 730 2894 730 2894 730 2984 744 3052 762 3237 762 3246 748 3264 735 3264 730 3264 730 3269 730 3269 730 3269 730 3273 730 3273 730 3273 730 3278 730 3558 757 3562 820 3553 879 3381 852 3223 879 3201 879 3201 879 3196 879 3196 879 3192 879 3192 879 3192 879 3187 879 3133 852 2889 852 2867 875 2862 875 2862 879 2862 879 2858 879 2858 879 2858 879 2853 879 2853 879 2853 879 2849 879 2849 879 2844 879 2844 879 2844 879 2840 879 2835 875 2799 852 2677 870 2645 875 2645 875 2641 875 2641 875 2641 875 2636 875 2636 875 2632 875 2632 875 2627 870 2600 848 2519 870 2501 875 2496 875 2496 875 2492 875 2492 875 2492 875 2487 875 2465 870 2393 848 2352 870 2338 875 2338 875 2338 875 2334 875 2334 875 2334 879 1923 879 1918 875 1918 875 1914 875 1914 875 1914 875 1909 875 1896 861 1878 852 1851 861 1833 870 1833 870 1828 870 1828 870 1824 870 1824 870 1824 870 1819 870 1792 861 1733 843 1697 861 1688 866 1688 866 1688 866 1684 866 1684 866 1679 866 1679 866 1679 866 1675 866 1657 861 1593 843 1512 861 1449 870 1449 870 1449 870 1444 870 1444 870 1440 870 1440 870 1440 870 1417 857 1386 843 1359 857 1332 870 1332 870 1327 870 1327 870 1327 870 1322 870 1070 852"/></Shape>
	    <String CONTENT="4e3 Enna Sicliae urbs a Syracuſanis condita, planitiem fertilen,"
                    HPOS="1070"
                    VPOS="717"
                    WIDTH="2492"
                    HEIGHT="162"></String>
          </TextLine>

          
          
          <TextLine ID="eSc_line_fa164415"
                    TAGREFS="LT85"
                    BASELINE="1336 906 2998 902 3548 920" 
                    HPOS="1322"
                    VPOS="811"
                    WIDTH="2226"
                    HEIGHT="145">
            <Shape><Polygon POINTS="1336 906 1322 834 1390 811 1395 811 1395 811 1395 811 1399 811 1399 811 1530 834 1589 843 1666 834 1792 820 1792 820 1797 820 2036 839 2144 843 2167 839 2248 811 2253 811 2253 811 2253 811 2257 811 2257 811 2257 811 2262 811 2262 811 2266 811 2266 811 2266 816 2293 839 2302 848 2483 848 2487 839 2515 816 2515 811 2515 811 2519 811 2519 811 2519 811 2524 811 2524 811 2528 811 2605 811 2605 811 2605 811 2609 811 2609 811 2609 811 2614 811 2654 839 2659 843 2673 839 2794 811 2794 811 2794 811 2799 811 2799 811 2803 811 2803 811 2803 811 2808 811 2808 811 2840 839 2871 816 2871 811 2876 811 2876 811 2876 811 2880 811 2880 811 2885 811 3038 811 3038 811 3038 811 3043 811 3043 811 3043 811 3047 811 3047 811 3079 843 3151 843 3223 843 3232 843 3377 811 3377 811 3377 811 3381 811 3381 811 3386 811 3386 811 3386 811 3390 811 3390 811 3390 816 3422 843 3422 848 3544 848 3548 920 3535 951 3445 924 3228 924 3192 951 3192 951 3187 951 3187 951 3187 951 3187 951 3183 951 3183 951 3178 951 3178 951 3178 951 3174 951 3174 951 3174 951 3106 924 2600 924 2524 951 2524 951 2524 951 2519 951 2519 951 2515 951 2515 951 2515 951 2510 951 2510 951 2510 951 2451 929 2280 947 2280 947 2275 947 1914 924 1860 951 1860 951 1860 951 1860 951 1855 951 1855 951 1855 956 1462 956 1458 951 1458 951 1453 951 1453 951 1453 951 1453 951 1404 929 1336 951"/></Shape>
	    <String CONTENT="ſlorum narietate ualde conspicuum habens, unde in"
                    HPOS="1322"
                    VPOS="811"
                    WIDTH="2226"
                    HEIGHT="145"></String>
          </TextLine>

          
          
          <TextLine ID="eSc_line_0b74a0a5"
                    TAGREFS="LT85"
                    BASELINE="1345 1010 2077 996 3553 1010" 
                    HPOS="1332"
                    VPOS="893"
                    WIDTH="2221"
                    HEIGHT="153">
            <Shape><Polygon POINTS="1345 1010 1332 929 1395 902 1395 902 1399 902 1399 902 1404 902 1404 902 1404 902 1408 902 1408 902 1467 929 1873 929 1909 897 1909 893 1909 893 1914 893 1914 893 1914 893 1918 893 1918 893 1923 893 1923 893 2230 924 2320 893 2320 893 2325 893 2325 893 2329 893 2329 893 2546 924 2650 897 2654 897 2654 897 2659 897 2659 897 2853 924 2912 897 2912 897 2912 897 2916 897 2916 897 2921 897 3097 897 3097 897 3097 897 3101 897 3101 897 3101 897 3106 897 3106 897 3106 902 3138 929 3223 897 3228 897 3228 897 3228 897 3232 897 3232 897 3232 897 3237 897 3237 897 3237 897 3300 933 3413 933 3476 897 3476 897 3476 897 3481 897 3481 897 3481 897 3485 897 3485 897 3485 897 3490 897 3490 897 3490 897 3553 933 3553 1010 3544 1046 2682 1019 2438 1046 2420 1046 2420 1046 2415 1046 2415 1046 2411 1046 2411 1046 2406 1046 2334 1014 2316 1032 2316 1037 2316 1037 2311 1037 2311 1037 2311 1037 2307 1037 2307 1037 2307 1037 2302 1037 2302 1037 2135 1014 2004 1042 2004 1042 2004 1042 2000 1042 2000 1042 2000 1042 1860 1014 1341 1042"/></Shape>
	    <String CONTENT="Proserpinum a Plutone raptam dicunt : ab alijs Adr"
                    HPOS="1332"
                    VPOS="893"
                    WIDTH="2221"
                    HEIGHT="153"></String>
          </TextLine>

          
          
          <TextLine ID="eSc_line_fadc0c35"
                    TAGREFS="LT85"
                    BASELINE="1110 1163 3571 1204" 
                    HPOS="1097"
                    VPOS="1069"
                    WIDTH="2479"
                    HEIGHT="189">
            <Shape><Polygon POINTS="1110 1163 1110 1069 1332 1073 1332 1073 1332 1073 1336 1073 1336 1073 1336 1073 1336 1073 1395 1105 1733 1105 1792 1087 1806 1082 1810 1082 1810 1082 1810 1082 1815 1082 1815 1082 1873 1087 2054 1109 2144 1096 2203 1087 2203 1087 2207 1087 2207 1087 2207 1087 2212 1087 2212 1087 2212 1087 2235 1096 2266 1114 2375 1100 2469 1091 2469 1091 2474 1091 2474 1091 2478 1091 2537 1105 2591 1118 2654 1109 2745 1096 2745 1096 2749 1096 2749 1096 2749 1096 2754 1096 2817 1114 2853 1123 2907 1114 3020 1100 3020 1100 3025 1100 3025 1100 3025 1100 3029 1100 3029 1100 3029 1100 3070 1118 3083 1127 3160 1123 3359 1109 3363 1109 3363 1109 3567 1136 3571 1204 3576 1231 3544 1258 3544 1258 3539 1258 3539 1258 3539 1258 3535 1258 3535 1258 3535 1258 3530 1258 3530 1258 3291 1231 2799 1244 2794 1244 2794 1244 2794 1244 2790 1244 2718 1222 2510 1244 2510 1244 2505 1244 2505 1244 2505 1244 2501 1244 2501 1244 2496 1244 2496 1244 2496 1244 2465 1217 2311 1240 2311 1240 2307 1240 2307 1240 2307 1240 2149 1208 1824 1208 1783 1231 1779 1231 1779 1231 1779 1231 1774 1231 1774 1231 1769 1231 1769 1231 1769 1231 1630 1204 1404 1226 1404 1226 1399 1226 1399 1226 1395 1226 1395 1226 1395 1226 1390 1226 1390 1226 1390 1222 1386 1222 1368 1199 1187 1222 1187 1222 1182 1222 1182 1222 1178 1222 1178 1222 1097 1190"/></Shape>
	    <String CONTENT="114 Enope urbs Messeniae in peloponneso una ex Septem"
                    HPOS="1097"
                    VPOS="1069"
                    WIDTH="2479"
                    HEIGHT="189"></String>
          </TextLine>

          
          
          <TextLine ID="eSc_line_c826be84"
                    TAGREFS="LT85"
                    BASELINE="1359 1096 3553 1105" 
                    HPOS="1350"
                    VPOS="992"
                    WIDTH="2203"
                    HEIGHT="149">
            <Shape><Polygon POINTS="1359 1096 1350 1023 1422 996 1422 996 1426 996 1426 996 1431 996 1431 996 1657 1023 1666 1023 1666 1023 1697 996 1697 992 1697 992 1702 992 1702 992 1702 992 1706 992 1706 992 1711 992 1937 992 1937 992 1937 992 1941 992 1941 992 2018 1023 2045 996 2045 992 2045 992 2049 992 2049 992 2049 992 2054 992 2054 992 2058 992 2212 992 2212 992 2212 992 2343 1014 2370 996 2375 996 2375 996 2375 996 2379 996 2379 996 2384 996 2384 996 2384 996 2388 996 2388 996 2456 1028 2460 1028 2465 1028 2537 996 2537 996 2542 996 2542 996 2546 996 2686 996 2686 996 2686 996 2691 996 2691 996 2691 996 2695 996 2695 996 2731 1028 2736 1028 2758 1028 3052 1001 3056 1001 3056 1001 3056 1001 3061 1001 3133 1023 3160 1001 3160 996 3160 996 3165 996 3165 996 3165 996 3169 996 3169 996 3169 996 3174 996 3174 996 3178 996 3178 996 3178 996 3241 1028 3332 1001 3336 1001 3336 1001 3336 1001 3341 1001 3341 1001 3345 1001 3345 1001 3345 1001 3350 1001 3350 1001 3386 1028 3386 1032 3548 1032 3553 1105 3544 1141 1350 1118"/></Shape>
	    <String CONTENT="nius, et Adranon dicitur, nunc Anna. Ex Steph. Munsi"
                    HPOS="1350"
                    VPOS="992"
                    WIDTH="2203"
                    HEIGHT="149"></String>
          </TextLine>

          
          
          <TextLine ID="eSc_line_d9ddeb1d"
                    TAGREFS="LT85"
                    BASELINE="1336 1272 3567 1308" 
                    HPOS="1327"
                    VPOS="1186"
                    WIDTH="2240"
                    HEIGHT="162">
            <Shape><Polygon POINTS="1336 1272 1336 1199 1824 1208 1833 1208 1882 1186 1882 1186 1887 1186 1887 1186 1887 1186 1891 1186 1891 1186 1896 1186 1896 1186 1896 1186 1900 1186 1900 1186 1928 1208 1937 1213 2018 1208 2289 1195 2293 1195 2293 1195 2293 1195 2298 1195 2298 1195 2298 1195 2338 1217 2343 1217 2352 1217 2447 1195 2447 1195 2447 1195 2451 1195 2451 1195 2596 1222 2614 1222 2627 1222 2722 1199 2722 1199 2722 1199 2727 1199 2907 1204 2907 1204 2907 1204 2912 1204 2912 1204 2912 1204 2916 1204 2916 1204 2916 1208 2939 1226 2939 1226 2943 1226 3074 1208 3074 1208 3079 1208 3079 1208 3079 1208 3083 1208 3083 1208 3083 1208 3088 1208 3088 1208 3111 1231 3115 1231 3129 1231 3282 1208 3282 1208 3287 1208 3287 1208 3562 1240 3567 1308 3558 1344 2980 1321 2939 1339 2925 1348 2925 1348 2925 1348 2921 1348 2921 1348 2916 1348 2916 1348 2840 1339 2650 1317 2627 1339 2623 1339 2623 1344 2623 1344 2618 1344 2618 1344 2618 1344 2614 1344 2614 1344 2614 1344 2456 1348 2451 1348 2451 1348 2447 1348 2406 1335 2316 1312 2230 1335 2194 1344 2189 1344 2189 1344 2185 1344 2185 1344 2185 1344 2180 1344 2180 1344 2180 1344 2162 1335 2122 1312 1977 1335 1923 1339 1923 1339 1918 1339 1918 1339 1918 1339 1914 1339 1914 1339 1909 1339 1909 1339 1905 1335 1860 1299 1598 1299 1508 1330 1503 1330 1503 1330 1499 1330 1499 1330 1494 1330 1327 1326"/></Shape>
	    <String CONTENT="Agamemnone promissa Achilli, ab aliquibus Pelana "
                    HPOS="1327"
                    VPOS="1186"
                    WIDTH="2240"
                    HEIGHT="162"></String>
          </TextLine>

          
          
          <TextLine ID="eSc_line_9f2463d1"
                    TAGREFS="LT85"
                    BASELINE="1327 1380 3562 1425" 
                    HPOS="1318"
                    VPOS="1285"
                    WIDTH="2244"
                    HEIGHT="194">
            <Shape><Polygon POINTS="1327 1380 1318 1303 1381 1285 1386 1285 1386 1285 1390 1285 1390 1285 1390 1285 1395 1285 1395 1285 1395 1285 1399 1285 1399 1285 1422 1303 1435 1317 1571 1317 1598 1308 1661 1285 1661 1285 1666 1285 1666 1285 1670 1285 1670 1285 1670 1285 1675 1285 1675 1285 1675 1285 1679 1285 1679 1285 1711 1312 1720 1317 1747 1312 1860 1290 1860 1290 1860 1290 1864 1290 1864 1290 1869 1290 1869 1290 1869 1290 1873 1290 1873 1290 1905 1317 1909 1321 1932 1317 2013 1299 2013 1299 2013 1299 2018 1299 2018 1299 2022 1299 2022 1299 2022 1299 2027 1299 2027 1299 2027 1303 2045 1321 2054 1326 2086 1321 2212 1299 2212 1299 2216 1299 2216 1299 2216 1299 2221 1299 2221 1299 2221 1299 2226 1299 2226 1299 2257 1326 2266 1335 2442 1335 2533 1330 2885 1308 2889 1308 2889 1308 2889 1308 2894 1308 2894 1308 2894 1308 2898 1308 2939 1339 2971 1312 2971 1312 2975 1312 2975 1312 2975 1312 2980 1312 2980 1312 2984 1312 2984 1312 3165 1335 3296 1317 3296 1317 3300 1317 3300 1317 3300 1317 3305 1317 3305 1317 3305 1317 3309 1317 3309 1317 3309 1321 3341 1348 3345 1353 3350 1348 3404 1330 3409 1330 3409 1330 3409 1330 3413 1330 3413 1330 3562 1357 3562 1425 3562 1452 3512 1479 3512 1479 3512 1479 3508 1479 3508 1479 3508 1479 3503 1479 3503 1479 3323 1452 3133 1475 3133 1475 3129 1475 3129 1475 3124 1475 3124 1475 3052 1447 2894 1470 2894 1470 2889 1470 2889 1470 2889 1470 2885 1470 2808 1443 2772 1466 2767 1466 2767 1466 2767 1466 2763 1466 2763 1466 2758 1466 2442 1461 2442 1461 1995 1425 1851 1447 1851 1447 1846 1447 1846 1447 1526 1416 1481 1438 1481 1438 1481 1438 1476 1438 1476 1438 1471 1438 1471 1438 1471 1438 1318 1407"/></Shape>
	    <String CONTENT="citur, ab alijs Gerenia, a qua Nestor Gerenius cogn¬"
                    HPOS="1318"
                    VPOS="1285"
                    WIDTH="2244"
                    HEIGHT="194"></String>
          </TextLine>

          
          
          <TextLine ID="eSc_line_71901528"
                    TAGREFS="LT85"
                    BASELINE="1137 1524 1909 1565 3038 1578" 
                    HPOS="1133"
                    VPOS="1434"
                    WIDTH="1905"
                    HEIGHT="216">
            <Shape><Polygon POINTS="1137 1524 1133 1447 1309 1434 1313 1434 1313 1434 1313 1434 1318 1434 1363 1447 1471 1484 1575 1461 1575 1461 1575 1461 1580 1461 1580 1461 1580 1461 1584 1461 1584 1461 1648 1488 1918 1475 1923 1475 1923 1475 1928 1475 2018 1497 2067 1466 2072 1466 2072 1466 2072 1466 2077 1466 2077 1466 2081 1466 2081 1466 2081 1466 2086 1466 2086 1466 2090 1466 2090 1466 2140 1506 2230 1506 2289 1466 2298 1456 2302 1456 2302 1456 2302 1456 2307 1456 2307 1456 2307 1456 2311 1456 2384 1461 2384 1461 2388 1461 2388 1461 2388 1461 2393 1461 2393 1461 2393 1466 2397 1466 2442 1511 2677 1520 2736 1520 2781 1475 2781 1475 2781 1470 2781 1470 2785 1470 2785 1470 2785 1470 2790 1470 2790 1470 2794 1470 3038 1479 3038 1578 3034 1605 2682 1650 2682 1650 2677 1650 2677 1650 2673 1650 2582 1623 2560 1646 2560 1646 2555 1646 2555 1646 2555 1646 2551 1646 2551 1646 2546 1646 2546 1646 2546 1646 2397 1619 2194 1637 2194 1637 2189 1637 2189 1637 2185 1637 2185 1637 2185 1637 2180 1637 2180 1637 2135 1596 2131 1592 2122 1596 2090 1623 2090 1628 2090 1628 2086 1628 2086 1628 2081 1628 2081 1628 2081 1628 2077 1628 2077 1628 2077 1628 2072 1628 2072 1628 2067 1628 2067 1628 2067 1623 2036 1596 2027 1587 1995 1596 1896 1628 1891 1628 1891 1628 1887 1628 1711 1623 1711 1623 1711 1623 1706 1623 1706 1623 1702 1623 1657 1592 1639 1583 1620 1592 1562 1619 1562 1619 1557 1619 1557 1619 1557 1619 1553 1619 1553 1619 1553 1619 1548 1619 1548 1619 1544 1619 1544 1619 1508 1592 1485 1574 1449 1592 1435 1596 1435 1596 1431 1596 1431 1596 1431 1596 1426 1596 1426 1596 1422 1596 1422 1596 1422 1596 1417 1596 1417 1596 1417 1592 1413 1592 1413 1592 1395 1565 1182 1565 1142 1587"/></Shape>
	    <String CONTENT="415 Enos Syriae urbs, Cain dicitur. Ex Annio"
                    HPOS="1133"
                    VPOS="1434"
                    WIDTH="1905"
                    HEIGHT="216"></String>
          </TextLine>

          
          
          <TextLine ID="eSc_line_9e923bc3"
                    TAGREFS="LT85"
                    BASELINE="1341 1466 2289 1488" 
                    HPOS="1336"
                    VPOS="1402"
                    WIDTH="953"
                    HEIGHT="136">
            <Shape><Polygon POINTS="1341 1466 1341 1402 2284 1425 2289 1488 2284 1538 2117 1538 2113 1533 2113 1533 2108 1533 2108 1533 2108 1533 2104 1533 2104 1529 2099 1529 2067 1502 1982 1524 1977 1524 1973 1524 1973 1524 1968 1524 1968 1524 1968 1524 1964 1524 1955 1524 1869 1497 1806 1515 1783 1524 1779 1524 1779 1524 1779 1524 1774 1524 1774 1524 1774 1524 1769 1524 1769 1524 1769 1524 1751 1515 1706 1493 1336 1497"/></Shape>
	    <String CONTENT="minatur. Ex Strabone"
                    HPOS="1336"
                    VPOS="1402"
                    WIDTH="953"
                    HEIGHT="136"></String>
          </TextLine>

          
          
          <TextLine ID="eSc_line_606f6c47"
                    TAGREFS="LT85"
                    BASELINE="2483 1520 2664 1520" 
                    HPOS="2478"
                    VPOS="1438"
                    WIDTH="186"
                    HEIGHT="122">
            <Shape><Polygon POINTS="2483 1520 2478 1447 2659 1438 2664 1520 2664 1560 2483 1560"/></Shape>
	    <String CONTENT="ocattui"
                    HPOS="2478"
                    VPOS="1438"
                    WIDTH="186"
                    HEIGHT="122"></String>
          </TextLine>

          
          
          <TextLine ID="eSc_line_43fb62b8"
                    TAGREFS="LT85"
                    BASELINE="1146 1623 2316 1673 3571 1678" 
                    HPOS="1142"
                    VPOS="1542"
                    WIDTH="2429"
                    HEIGHT="208">
            <Shape><Polygon POINTS="1146 1623 1142 1560 1490 1542 1494 1542 1494 1542 1499 1542 1499 1542 1499 1542 1503 1542 1539 1565 1566 1583 1584 1569 1607 1551 1607 1547 1607 1547 1611 1547 1611 1547 1616 1547 1616 1547 1616 1547 1620 1547 1620 1547 1625 1547 1625 1547 1625 1547 1675 1569 1720 1596 1937 1596 1991 1578 2013 1569 2013 1569 2018 1569 2018 1569 2022 1569 2022 1569 2022 1569 2027 1569 2027 1569 2027 1569 2031 1569 2031 1569 2031 1574 2040 1578 2058 1601 2289 1601 2316 1583 2320 1578 2320 1578 2325 1578 2325 1578 2329 1578 2329 1578 2329 1578 2334 1578 2334 1578 2338 1578 2338 1578 2338 1578 2343 1578 2343 1578 2347 1583 2379 1610 2542 1610 2569 1592 2569 1587 2569 1587 2573 1587 2573 1587 2573 1587 2578 1587 2578 1587 2578 1587 2582 1587 2582 1587 2587 1587 2600 1592 2668 1610 2686 1592 2709 1574 2709 1569 2709 1569 2713 1569 2713 1569 2713 1569 2718 1569 2718 1569 2718 1569 2722 1569 2722 1569 2727 1569 2727 1569 2727 1569 2731 1569 2767 1596 2799 1614 2867 1596 2916 1583 2921 1583 2921 1583 2925 1583 2925 1583 2925 1583 2930 1583 2984 1601 3007 1605 3020 1601 3056 1583 3056 1583 3056 1583 3061 1583 3061 1583 3065 1583 3065 1583 3070 1583 3070 1583 3124 1601 3165 1619 3183 1605 3201 1587 3201 1583 3201 1583 3205 1583 3205 1583 3205 1583 3210 1583 3210 1583 3210 1583 3214 1583 3571 1614 3571 1678 3562 1750 3354 1700 3038 1700 2794 1732 2740 1736 2740 1736 2736 1736 2736 1736 2650 1727 2460 1705 2442 1723 2438 1723 2438 1727 2438 1727 2433 1727 2433 1727 2433 1727 2429 1727 2429 1727 2424 1727 2162 1723 2162 1723 2162 1723 2117 1714 2022 1691 1995 1709 1986 1718 1982 1718 1982 1718 1982 1718 1977 1718 1977 1718 1973 1718 1602 1709 1602 1709 1602 1709 1598 1709 1598 1709 1571 1700 1481 1659 1228 1659 1146 1687"/></Shape>
	    <String CONTENT="1 Entella Liguiae fluuius, Labonia dictus, nunc Lauanag"
                    HPOS="1142"
                    VPOS="1542"
                    WIDTH="2429"
                    HEIGHT="208"></String>
          </TextLine>

          
          
          <TextLine ID="eSc_line_43f82c31"
                    TAGREFS="LT85"
                    BASELINE="1332 1718 1535 1723" 
                    HPOS="1322"
                    VPOS="1614"
                    WIDTH="213"
                    HEIGHT="136">
            <Shape><Polygon POINTS="1332 1718 1332 1614 1530 1646 1535 1723 1526 1750 1322 1736"/></Shape>
	    <String CONTENT="Laus"
                    HPOS="1322"
                    VPOS="1614"
                    WIDTH="213"
                    HEIGHT="136"></String>
          </TextLine>

          
          
          <TextLine ID="eSc_line_7bbfb6ec"
                    TAGREFS="LT85"
                    BASELINE="1322 1790 1526 1790 1801 1750 3192 1768" 
                    HPOS="1313"
                    VPOS="1669"
                    WIDTH="1879"
                    HEIGHT="171">
            <Shape><Polygon POINTS="1322 1790 1318 1696 1589 1669 1589 1669 1593 1669 1593 1669 1598 1669 1598 1669 1657 1691 1675 1696 1706 1691 1792 1673 1792 1673 1792 1673 1797 1673 1797 1673 1900 1687 1959 1696 2022 1687 2108 1673 2108 1673 2113 1673 2113 1673 2216 1687 2347 1700 2411 1682 2447 1673 2451 1673 2451 1673 2456 1673 2456 1673 2456 1673 2460 1673 2460 1673 2483 1682 2537 1709 2862 1709 3183 1678 3192 1768 3187 1781 3020 1795 2957 1835 2952 1835 2952 1835 2952 1835 2948 1835 2948 1835 2948 1840 2813 1840 2808 1835 2808 1835 2803 1835 2803 1835 2803 1835 2799 1835 2740 1790 2731 1786 2718 1790 2677 1808 2677 1808 2673 1808 2673 1808 2668 1808 2668 1808 2668 1808 2587 1795 2515 1781 2135 1781 2095 1804 2049 1831 2045 1831 2045 1831 2045 1831 2040 1831 2040 1831 2036 1831 1797 1826 1797 1826 1797 1826 1792 1826 1729 1808 1657 1786 1625 1808 1602 1826 1602 1826 1598 1826 1598 1826 1593 1826 1593 1826 1593 1826 1589 1826 1313 1813"/></Shape>
	    <String CONTENT="ntel gpra. Ex Aidlarauione utium Italiae, Iouis"
                    HPOS="1313"
                    VPOS="1669"
                    WIDTH="1879"
                    HEIGHT="171"></String>
          </TextLine>

          
          
          <TextLine ID="eSc_line_a19c2e91"
                    TAGREFS="LT85"
                    BASELINE="1313 1899 3544 1975" 
                    HPOS="1300"
                    VPOS="1799"
                    WIDTH="2248"
                    HEIGHT="248">
            <Shape><Polygon POINTS="1313 1899 1309 1813 1435 1799 1435 1799 1440 1799 1440 1799 1444 1799 1444 1799 1449 1799 1449 1799 1471 1817 1490 1831 1535 1822 1575 1813 1575 1813 1575 1813 1580 1813 1580 1813 1580 1813 1634 1826 1706 1840 1751 1831 1828 1813 1828 1813 1828 1813 1833 1813 1833 1813 1833 1813 1950 1840 1982 1844 1991 1840 2013 1822 2018 1822 2018 1822 2018 1822 2022 1822 2022 1822 2022 1822 2027 1822 2027 1822 2031 1822 2122 1844 2122 1844 2126 1844 2189 1826 2194 1826 2194 1826 2198 1826 2198 1826 2198 1826 2203 1826 2203 1826 2262 1853 2275 1858 2284 1853 2320 1831 2325 1831 2325 1831 2329 1831 2329 1831 2329 1831 2334 1831 2334 1831 2334 1831 2338 1831 2338 1831 2343 1831 2343 1831 2343 1831 2370 1858 2375 1858 2402 1858 2618 1840 2623 1840 2623 1840 2623 1840 2627 1840 2722 1871 2731 1871 2754 1871 2980 1862 2984 1862 2984 1862 3269 1894 3282 1894 3287 1894 3427 1871 3427 1871 3431 1871 3431 1871 3431 1871 3436 1871 3548 1908 3544 1975 3530 2047 3449 2011 3427 2029 3422 2029 3422 2029 3422 2029 3418 2029 3418 2029 3418 2029 3413 2029 3413 2029 3409 2029 3409 2029 3409 2029 3404 2029 3404 2029 3404 2025 3359 1989 2844 2007 2496 2016 2492 2016 2379 2011 2379 2011 2379 2011 2375 2011 2375 2011 2370 2011 2370 2011 2370 2007 2370 2007 2338 1975 2320 1957 2244 1944 2171 1944 2144 1962 2113 1989 2113 1989 2108 1989 2108 1989 2108 1989 2104 1989 2104 1989 2099 1989 2099 1989 2099 1989 2095 1989 2095 1989 2095 1989 2090 1989 2090 1989 2090 1984 2058 1957 2040 1939 1941 1939 1928 1948 1873 1984 1869 1984 1869 1984 1869 1984 1864 1984 1864 1984 1860 1984 1860 1984 1860 1984 1855 1984 1855 1984 1855 1984 1851 1984 1851 1984 1801 1939 1788 1930 1729 1935 1580 1953 1580 1953 1575 1953 1575 1953 1575 1953 1440 1926 1350 1944 1350 1944 1350 1944 1345 1944 1345 1944 1345 1944 1341 1944 1341 1944 1336 1944 1336 1944 1336 1944 1300 1912"/></Shape>
	    <String CONTENT="debant Campani, pro eoq. pugnarunt cum Canuhag"
                    HPOS="1300"
                    VPOS="1799"
                    WIDTH="2248"
                    HEIGHT="248"></String>
          </TextLine>

          
          
          <TextLine ID="eSc_line_c03d9a58"
                    TAGREFS="LT85"
                    BASELINE="1684 1826 3548 1881" 
                    HPOS="1679"
                    VPOS="1732"
                    WIDTH="1874"
                    HEIGHT="185">
            <Shape><Polygon POINTS="1684 1826 1684 1759 1783 1759 1788 1759 1819 1732 1819 1732 1824 1732 1824 1732 1824 1732 1828 1732 1828 1732 1828 1732 1833 1732 1833 1732 1837 1732 1837 1732 1909 1759 1932 1736 1932 1736 1937 1736 1937 1736 1937 1736 1941 1736 1941 1736 1946 1736 2307 1741 2307 1741 2307 1741 2311 1741 2311 1741 2365 1763 2442 1745 2447 1745 2447 1745 2451 1745 2451 1745 2451 1745 2456 1745 2456 1745 2537 1781 2609 1750 2609 1750 2614 1750 2614 1750 2614 1750 2618 1750 2618 1750 2618 1750 2623 1750 2623 1750 2677 1772 2767 1754 2767 1754 2767 1754 2772 1754 2772 1754 2776 1754 2776 1754 2776 1754 2781 1754 2781 1754 2781 1759 2781 1759 2813 1790 2813 1795 3241 1804 3399 1804 3449 1781 3449 1781 3449 1781 3454 1781 3454 1781 3458 1781 3458 1781 3458 1781 3463 1781 3553 1813 3548 1881 3544 1912 3246 1917 3241 1917 3241 1917 3237 1917 3237 1917 3205 1908 3156 1890 2907 1899 2772 1903 2767 1903 2767 1903 2686 1894 2456 1862 2379 1885 2365 1890 2361 1890 2361 1890 2361 1890 2356 1890 2356 1890 2352 1890 2334 1885 2235 1853 1806 1844 1679 1867"/></Shape>
	    <String CONTENT="p. hicliae ab Ephoro Entela uocatur, quod p"
                    HPOS="1679"
                    VPOS="1732"
                    WIDTH="1874"
                    HEIGHT="185"></String>
          </TextLine>

          
          
          <TextLine ID="eSc_line_cc4b73ce"
                    TAGREFS="LT85"
                    BASELINE="1101 2061 3503 2133" 
                    HPOS="1097"
                    VPOS="1971"
                    WIDTH="2406"
                    HEIGHT="216">
            <Shape><Polygon POINTS="1101 2061 1101 1971 1332 1975 1332 1975 1332 1975 1336 1975 1336 1975 1345 1980 1408 2007 1458 1984 1458 1984 1458 1984 1458 1984 1462 1984 1462 1984 1467 1984 1467 1984 1467 1984 1471 1984 1471 1984 1471 1984 1544 2020 1742 2020 1783 1993 1788 1989 1788 1989 1792 1989 1792 1989 1797 1989 1797 1989 1797 1989 1801 1989 1801 1989 1806 1989 1806 1989 1806 1989 1810 1989 1810 1989 1810 1993 1815 1998 1846 2025 1968 2007 1968 2007 1973 2007 1973 2007 1973 2007 1977 2007 1977 2007 2027 2029 2058 2007 2063 2007 2063 2007 2063 2007 2063 2007 2067 2007 2067 2007 2067 2007 2072 2007 2135 2011 2677 2047 2776 2034 2885 2020 2885 2020 2889 2020 2889 2020 2894 2020 2980 2043 3052 2065 3503 2065 3503 2133 3494 2160 3038 2151 3034 2156 3007 2178 3007 2183 3007 2183 3002 2183 3002 2183 3002 2183 2998 2183 2998 2183 2998 2187 2907 2187 2903 2183 2045 2133 1977 2133 1968 2133 1909 2151 1905 2151 1905 2151 1905 2151 1900 2151 1900 2151 1896 2151 1896 2151 1837 2133 1819 2124 1801 2129 1760 2147 1760 2147 1756 2147 1756 2147 1756 2147 1751 2147 1751 2147 1616 2129 1562 2120 1521 2124 1449 2138 1449 2138 1444 2138 1444 2138 1444 2138 1368 2124 1246 2097 1097 2115"/></Shape>
	    <String CONTENT="47 Epha Syriae Ciuitas, Sycaminus a Ptolemaeo ⟦dicitur"
                    HPOS="1097"
                    VPOS="1971"
                    WIDTH="2406"
                    HEIGHT="216"></String>
          </TextLine>

          
          
          <TextLine ID="eSc_line_04d72c97"
                    TAGREFS="LT85"
                    BASELINE="1318 1989 2316 2007" 
                    HPOS="1309"
                    VPOS="1903"
                    WIDTH="1007"
                    HEIGHT="149">
            <Shape><Polygon POINTS="1318 1989 1313 1926 1521 1903 1521 1903 1526 1903 1526 1903 1530 1903 1530 1903 1530 1903 1535 1903 1562 1926 1571 1930 1602 1926 1693 1908 1693 1908 1697 1908 1815 1908 1815 1908 1815 1908 1819 1908 1819 1908 1819 1908 1824 1908 1824 1908 1842 1926 1851 1935 1882 1926 1928 1912 1932 1912 1932 1912 1937 1912 2058 1912 2058 1912 2058 1912 2063 1912 2063 1912 2063 1912 2067 1912 2067 1912 2067 1917 2081 1926 2095 1939 2122 1926 2153 1917 2153 1917 2158 1917 2158 1917 2162 1917 2162 1917 2311 1930 2316 2007 2311 2029 2081 2052 2081 2052 2077 2052 1309 2011"/></Shape>
	    <String CONTENT="enſibus. Ex Stephano."
                    HPOS="1309"
                    VPOS="1903"
                    WIDTH="1007"
                    HEIGHT="149"></String>
          </TextLine>

          
          
          <TextLine ID="eSc_line_3c1a5336"
                    TAGREFS="LT85"
                    BASELINE="3214 2061 3526 2061" 
                    HPOS="3214"
                    VPOS="1975"
                    WIDTH="312"
                    HEIGHT="109">
            <Shape><Polygon POINTS="3214 2061 3214 1975 3526 2002 3526 2061 3526 2084 3214 2084"/></Shape>
	    <String CONTENT="appellatur"
                    HPOS="3214"
                    VPOS="1975"
                    WIDTH="312"
                    HEIGHT="109"></String>
          </TextLine>

          
          
          <TextLine ID="eSc_line_29b95491"
                    TAGREFS="LT85"
                    BASELINE="1110 2156 3580 2237" 
                    HPOS="1101"
                    VPOS="2065"
                    WIDTH="2484"
                    HEIGHT="244">
            <Shape><Polygon POINTS="1110 2156 1106 2088 1273 2065 1273 2065 1277 2065 1277 2065 1277 2065 1422 2097 1462 2106 1485 2102 1544 2079 1548 2079 1548 2079 1548 2079 1553 2079 1553 2079 1557 2079 1557 2079 1625 2106 1643 2111 1720 2111 1882 2102 1887 2102 1887 2102 1887 2102 1964 2120 1995 2124 2009 2120 2045 2102 2045 2102 2045 2102 2049 2102 2049 2102 2054 2102 2054 2102 2058 2102 2153 2124 2171 2129 2176 2124 2203 2106 2207 2106 2207 2106 2207 2106 2212 2106 2212 2106 2216 2106 2216 2106 2216 2106 2343 2133 2384 2138 2411 2133 2510 2115 2510 2115 2510 2115 2515 2115 2515 2115 2519 2115 2519 2115 2519 2115 2524 2115 2560 2138 2569 2142 2605 2142 2794 2129 2799 2129 2799 2129 2799 2129 2921 2151 2943 2160 3061 2160 3061 2156 3088 2133 3088 2129 3088 2129 3092 2129 3092 2129 3092 2129 3097 2129 3097 2129 3101 2129 3476 2138 3476 2138 3476 2138 3481 2138 3481 2138 3585 2178 3580 2237 3580 2282 3503 2309 3499 2309 3499 2309 3499 2309 3494 2309 3494 2309 3490 2309 3490 2309 3490 2309 3485 2309 3485 2309 3449 2282 3431 2268 3219 2273 3065 2277 3061 2277 3061 2277 3056 2277 3025 2268 2966 2255 2916 2268 2813 2291 2813 2291 2813 2291 2808 2291 2808 2291 2808 2291 2803 2291 2713 2259 2682 2250 2668 2259 2636 2286 2636 2286 2632 2286 2632 2286 2627 2286 2627 2286 2627 2286 2623 2286 2515 2282 2515 2282 2515 2282 2510 2282 2510 2282 2505 2282 2505 2282 2505 2277 2478 2255 2469 2250 2429 2255 2266 2273 2266 2273 2262 2273 2262 2273 2257 2273 2257 2273 2257 2273 2207 2250 2171 2228 2140 2246 2104 2268 2099 2268 2099 2268 2095 2268 2095 2268 2095 2268 2090 2268 2090 2268 2086 2268 2086 2268 2086 2268 2081 2268 2081 2268 2081 2264 2058 2246 2058 2246 2004 2246 1828 2246 1824 2241 1824 2241 1819 2241 1819 2241 1819 2241 1815 2241 1815 2237 1774 2210 1598 2210 1571 2232 1553 2246 1553 2250 1553 2250 1548 2250 1548 2250 1544 2250 1544 2250 1544 2250 1539 2250 1539 2250 1539 2250 1535 2250 1535 2250 1530 2250 1530 2250 1530 2246 1512 2232 1485 2205 1413 2228 1372 2241 1368 2241 1368 2241 1368 2241 1363 2241 1101 2219"/></Shape>
	    <String CONTENT="18 Ephesus Ioniae urbs clarissima, Asiaeq. lumen, dicta ab Epho"
                    HPOS="1101"
                    VPOS="2065"
                    WIDTH="2484"
                    HEIGHT="244"></String>
          </TextLine>

          
          
          <TextLine ID="eSc_line_87af600d"
                    TAGREFS="LT85"
                    BASELINE="1322 2255 3562 2345" 
                    HPOS="1318"
                    VPOS="2160"
                    WIDTH="2244"
                    HEIGHT="230">
            <Shape><Polygon POINTS="1322 2255 1322 2160 1490 2169 1490 2169 1494 2169 1494 2169 1494 2169 1499 2169 1499 2169 1499 2174 1526 2196 1747 2178 1756 2178 1760 2178 1760 2178 1760 2178 1765 2178 1765 2178 1882 2219 2108 2223 2167 2196 2167 2196 2167 2196 2167 2196 2171 2196 2171 2196 2176 2196 2176 2196 2176 2196 2180 2196 2180 2196 2180 2196 2180 2196 2185 2196 2185 2196 2226 2232 3562 2259 3562 2345 3553 2381 3305 2354 3264 2372 3232 2390 3232 2390 3232 2390 3228 2390 3228 2390 3228 2390 3223 2390 3223 2390 3219 2390 3219 2390 3169 2372 3106 2345 3056 2368 3020 2381 3020 2381 3016 2381 3016 2381 3016 2381 3011 2381 2822 2372 2822 2372 2822 2372 2817 2372 2817 2372 2813 2372 2813 2372 2794 2359 2781 2345 2767 2354 2749 2368 2745 2368 2745 2368 2745 2368 2740 2368 2740 2368 2736 2368 2438 2359 2438 2359 2438 2359 2433 2359 2388 2345 2316 2318 2253 2336 2248 2336 2248 2336 2248 2336 2244 2336 2244 2336 2013 2305 1982 2327 1977 2327 1977 2327 1977 2327 1973 2327 1973 2327 1973 2327 1973 2327 1968 2327 1968 2327 1968 2327 1964 2327 1837 2296 1711 2318 1666 2327 1666 2327 1666 2327 1661 2327 1661 2327 1657 2327 1657 2327 1657 2327 1652 2327 1652 2327 1652 2323 1643 2318 1611 2282 1521 2282 1318 2305"/></Shape>
	    <String CONTENT="lydo caupone, qui Daetin (locus hic Ephesi est) habita"
                    HPOS="1318"
                    VPOS="2160"
                    WIDTH="2244"
                    HEIGHT="230"></String>
          </TextLine>

          
          
          <TextLine ID="eSc_line_3bf2ce04"
                    TAGREFS="LT85"
                    BASELINE="1322 2363 2361 2413 3571 2435" 
                    HPOS="1313"
                    VPOS="2273"
                    WIDTH="2258"
                    HEIGHT="207">
            <Shape><Polygon POINTS="1322 2363 1318 2277 1611 2273 1616 2273 1616 2273 1620 2273 1675 2286 1783 2314 1819 2291 1833 2282 1837 2282 1837 2282 1837 2282 1842 2282 1842 2282 1846 2282 1955 2282 1955 2282 1955 2282 1959 2282 1959 2282 1959 2282 1964 2282 1964 2282 1964 2286 1964 2286 1977 2296 2000 2323 2063 2300 2099 2286 2104 2286 2104 2286 2104 2286 2108 2286 2239 2291 2239 2291 2244 2291 2302 2305 2415 2341 3571 2350 3571 2435 3562 2480 3409 2449 3183 2467 3138 2467 3133 2467 3133 2467 3133 2467 3129 2467 3129 2467 3124 2467 3120 2462 3079 2440 3025 2458 2998 2467 2993 2467 2993 2467 2993 2467 2989 2467 2989 2467 2849 2449 2677 2431 2623 2440 2555 2453 2555 2453 2555 2453 2551 2453 1313 2381"/></Shape>
	    <String CONTENT="Samornia olim, Samornion, Samonia, Samorinia,"
                    HPOS="1313"
                    VPOS="2273"
                    WIDTH="2258"
                    HEIGHT="207"></String>
          </TextLine>

          
          
          <TextLine ID="eSc_line_b626498b"
                    TAGREFS="LT85"
                    BASELINE="1318 2458 2515 2526 3585 2539" 
                    HPOS="1304"
                    VPOS="2368"
                    WIDTH="2285"
                    HEIGHT="221">
            <Shape><Polygon POINTS="1318 2458 1313 2377 1512 2368 1517 2368 1517 2368 1521 2368 1521 2368 1521 2368 1557 2386 1593 2404 1657 2390 1747 2372 1747 2372 1747 2372 1751 2372 1751 2372 1756 2372 1842 2395 2126 2386 2131 2386 2131 2386 2135 2386 2135 2386 2135 2386 2140 2386 2171 2408 2221 2390 2221 2390 2226 2390 2226 2390 2230 2390 2230 2390 2235 2390 2361 2422 2415 2435 2465 2426 2600 2408 2600 2408 2605 2408 2605 2408 2605 2408 2609 2408 2609 2408 2609 2408 2614 2408 2614 2408 2645 2435 2659 2449 2930 2453 2939 2449 2962 2431 2962 2431 2966 2431 2966 2431 2966 2431 2971 2431 2971 2431 2975 2431 2975 2431 2975 2431 2980 2431 2980 2431 2980 2431 3025 2453 3034 2458 3052 2458 3223 2426 3223 2426 3228 2426 3228 2426 3228 2426 3232 2426 3232 2426 3232 2426 3237 2426 3237 2426 3237 2431 3241 2431 3264 2462 3300 2435 3300 2435 3305 2435 3305 2435 3309 2435 3309 2435 3314 2435 3503 2435 3503 2435 3503 2435 3508 2435 3508 2435 3512 2435 3589 2480 3585 2539 3576 2589 3165 2562 3079 2566 2858 2589 2858 2589 2853 2589 2853 2589 2623 2548 2596 2544 2591 2544 2551 2575 2546 2575 2546 2575 2546 2575 2542 2575 2542 2575 2537 2575 2244 2566 2244 2566 2244 2566 2239 2566 2239 2566 2235 2566 2235 2566 2235 2562 2194 2530 1905 2548 1900 2548 1900 2548 1900 2548 1896 2548 1896 2548 1891 2548 1891 2548 1891 2544 1855 2512 1846 2508 1756 2508 1408 2512 1404 2512 1404 2512 1399 2512 1304 2485"/></Shape>
	    <String CONTENT="mornus, Trichia, Ortygia, Ptelees, uel Ptelea, Zunder"
                    HPOS="1304"
                    VPOS="2368"
                    WIDTH="2285"
                    HEIGHT="221"></String>
          </TextLine>

          
          
          <TextLine ID="eSc_line_85d8cf24"
                    TAGREFS="LT85"
                    BASELINE="1322 2557 2754 2638 3580 2652" 
                    HPOS="1313"
                    VPOS="2476"
                    WIDTH="2267"
                    HEIGHT="216">
            <Shape><Polygon POINTS="1322 2557 1318 2494 1643 2476 1648 2476 1648 2476 1652 2476 1652 2476 1652 2476 1715 2508 1724 2512 1964 2521 1995 2517 2099 2499 2099 2499 2104 2499 2212 2503 2212 2503 2212 2503 2216 2503 2216 2503 2221 2503 2221 2503 2221 2508 2226 2508 2239 2526 2248 2539 2528 2548 2555 2539 2605 2521 2605 2521 2609 2521 2609 2521 2614 2521 2614 2521 2614 2521 2618 2521 2618 2521 2677 2544 2718 2557 2880 2553 2975 2548 2980 2548 2980 2548 2980 2548 2984 2548 2984 2548 3002 2557 3038 2571 3097 2557 3156 2548 3156 2548 3156 2548 3160 2548 3160 2548 3165 2548 3165 2548 3165 2548 3169 2548 3169 2548 3169 2553 3183 2562 3201 2580 3250 2566 3282 2557 3287 2557 3287 2557 3287 2557 3291 2557 3580 2580 3580 2652 3576 2683 3214 2692 3210 2692 3210 2692 3205 2692 3205 2692 3142 2670 3002 2683 3002 2683 2998 2683 1313 2589"/></Shape>
	    <String CONTENT="num pteleaticum uocatum a Theocrito ) tempore helles"
                    HPOS="1313"
                    VPOS="2476"
                    WIDTH="2267"
                    HEIGHT="216"></String>
          </TextLine>

          
          
          <TextLine ID="eSc_line_c6ca8850"
                    TAGREFS="LT85"
                    BASELINE="1341 2674 2903 2756 3580 2765" 
                    HPOS="1332"
                    VPOS="2571"
                    WIDTH="2248"
                    HEIGHT="257">
            <Shape><Polygon POINTS="1341 2674 1341 2571 1571 2602 1724 2584 1756 2584 1756 2584 1760 2584 1760 2584 1765 2584 1783 2589 1896 2620 2456 2620 2537 2620 2537 2620 2537 2620 2542 2620 2542 2620 2542 2620 2546 2620 2546 2620 2546 2625 2587 2661 2948 2674 3576 2670 3580 2765 3571 2792 3454 2792 3431 2810 3431 2814 3431 2814 3427 2814 3427 2814 3427 2814 3422 2814 3422 2814 3422 2814 3418 2814 3418 2814 3413 2814 3413 2814 3413 2814 3409 2814 3368 2787 3291 2828 3291 2828 3291 2828 3287 2828 3287 2828 3282 2828 3282 2828 3282 2828 3278 2828 3278 2828 3165 2783 2794 2805 2790 2805 2790 2805 2790 2805 2785 2805 2785 2805 2785 2805 2781 2805 2749 2783 2727 2801 2727 2801 2722 2801 2722 2801 2722 2801 2718 2801 2718 2801 2718 2801 2713 2801 2501 2792 2501 2792 2501 2792 2496 2792 2496 2792 2397 2751 2356 2769 2356 2769 2356 2769 2352 2769 2352 2769 2347 2769 2347 2769 2081 2733 2013 2769 2013 2769 2013 2769 2009 2769 2009 2769 2009 2769 2004 2769 2004 2769 2004 2769 2000 2769 2000 2769 1914 2729 1846 2729 1819 2751 1819 2756 1819 2756 1815 2756 1815 2756 1815 2756 1810 2756 1810 2756 1810 2756 1806 2756 1806 2756 1801 2756 1801 2756 1801 2756 1797 2756 1733 2715 1657 2738 1652 2738 1652 2738 1652 2738 1648 2738 1648 2738 1332 2692"/></Shape>
	    <String CONTENT="Troiani Alopes, postea Morges, Suyma cognomins"
                    HPOS="1332"
                    VPOS="2571"
                    WIDTH="2248"
                    HEIGHT="257"></String>
          </TextLine>

          
          
          <TextLine ID="eSc_line_6a2ea7cd"
                    TAGREFS="LT85"
                    BASELINE="1354 2792 2898 2868 3580 2873" 
                    HPOS="1345"
                    VPOS="2692"
                    WIDTH="2235"
                    HEIGHT="217">
            <Shape><Polygon POINTS="1354 2792 1354 2692 1620 2692 1620 2692 1620 2692 1625 2692 1625 2692 1652 2701 1720 2729 1751 2706 1756 2701 1760 2701 1760 2701 1760 2701 1765 2701 1765 2701 1765 2701 1769 2701 1909 2706 1909 2706 1909 2706 1914 2706 1914 2706 1928 2711 1991 2742 2027 2715 2031 2711 2031 2711 2036 2711 2036 2711 2040 2711 2040 2711 2040 2711 2045 2711 2149 2720 2149 2720 2153 2720 2153 2720 2153 2720 2158 2720 2158 2720 2158 2720 2158 2724 2185 2751 2244 2724 2248 2724 2248 2724 2253 2724 2253 2724 2257 2724 2424 2729 2424 2729 2424 2729 2429 2729 2429 2729 2438 2733 2515 2769 2677 2774 2731 2742 2736 2742 2736 2742 2736 2742 2740 2742 2740 2742 2740 2742 2745 2742 2745 2742 2749 2742 2749 2742 2749 2742 2754 2742 2754 2742 2754 2742 2754 2747 2790 2783 2998 2787 3576 2778 3580 2873 3571 2909 2740 2904 2740 2904 2248 2850 2203 2846 2198 2846 2135 2877 2135 2877 2135 2877 2131 2877 2131 2877 2126 2877 2126 2877 2126 2877 2122 2877 2122 2877 2122 2877 2117 2877 2117 2877 2077 2841 2072 2841 2049 2841 1580 2855 1575 2855 1575 2855 1575 2855 1345 2805"/></Shape>
	    <String CONTENT="trachea quod a Smyrmreis incobretur, et a Lysina"
                    HPOS="1345"
                    VPOS="2692"
                    WIDTH="2235"
                    HEIGHT="217"></String>
          </TextLine>

          
          
          <TextLine ID="eSc_line_55dce8cf"
                    TAGREFS="LT85"
                    BASELINE="1309 2904 3124 2981 3580 2981" 
                    HPOS="1300"
                    VPOS="2792"
                    WIDTH="2280"
                    HEIGHT="243">
            <Shape><Polygon POINTS="1309 2904 1300 2828 1368 2792 1368 2792 1368 2792 1372 2792 1372 2792 1372 2792 1377 2792 1377 2792 1381 2792 1381 2792 1381 2792 1386 2792 1440 2828 1512 2801 1512 2801 1517 2801 1517 2801 1517 2801 1521 2801 1521 2801 1733 2837 1765 2841 1833 2841 2207 2823 2212 2823 2212 2823 2216 2823 2320 2850 2370 2864 2433 2855 2542 2837 2542 2837 2542 2837 2546 2837 2727 2850 2727 2850 2731 2850 2731 2850 2731 2850 2736 2850 2749 2859 2790 2882 3065 2868 3187 2864 3192 2864 3192 2864 3255 2873 3463 2909 3571 2882 3580 2981 3571 3017 3341 3008 3327 3013 3300 3035 3296 3035 3296 3035 3296 3035 3291 3035 3291 3035 3291 3035 3287 3035 3287 3035 3287 3035 3282 3035 3210 3013 3192 3004 3183 3008 3165 3026 3165 3031 3165 3031 3160 3031 3160 3031 3160 3031 3156 3031 3156 3031 3151 3031 3151 3031 2957 3008 2803 3026 2803 3026 2799 3026 2799 3026 2799 3026 2794 3026 2794 3026 2790 3026 2745 2999 2718 2981 2555 2977 2505 2995 2451 3013 2451 3013 2447 3013 2447 3013 2442 3013 2442 3013 2438 3013 2438 3013 2375 2990 2329 2972 2311 2990 2298 2999 2298 3004 2298 3004 2293 3004 2293 3004 2293 3004 2289 3004 2289 3004 2284 3004 2108 2999 2108 2999 2108 2999 2104 2999 2104 2999 2104 2999 2099 2999 2099 2999 2099 2995 2095 2995 2086 2986 2081 2977 2031 2981 1959 2990 1959 2990 1955 2990 1955 2990 1950 2990 1950 2990 1950 2990 1946 2990 1946 2990 1932 2981 1900 2954 1810 2977 1765 2986 1765 2986 1765 2986 1760 2986 1760 2986 1760 2986 1756 2986 1756 2986 1751 2986 1751 2986 1738 2977 1702 2945 1593 2972 1562 2977 1562 2977 1562 2977 1557 2977 1557 2977 1557 2977 1553 2977 1530 2972 1417 2932 1309 2963"/></Shape>
	    <String CONTENT="Arsinoè nuncupala ex uxouis nomines Condita uel a"
                    HPOS="1300"
                    VPOS="2792"
                    WIDTH="2280"
                    HEIGHT="243"></String>
          </TextLine>

          
          
          <TextLine ID="eSc_line_c9cb18e9"
                    TAGREFS="LT85"
                    BASELINE="1309 3008 2916 3089 3571 3089" 
                    HPOS="1300"
                    VPOS="2913"
                    WIDTH="2271"
                    HEIGHT="244">
            <Shape><Polygon POINTS="1309 3008 1300 2936 1363 2913 1368 2913 1368 2913 1368 2913 1372 2913 1372 2913 1377 2913 1377 2913 1377 2913 1381 2913 1381 2913 1381 2918 1386 2918 1404 2936 1408 2945 1431 2941 1476 2927 1481 2927 1481 2927 1485 2927 1485 2927 1485 2927 1566 2945 1598 2950 1620 2945 1684 2927 1688 2927 1688 2927 1693 2927 1693 2927 1693 2927 1815 2954 1909 2972 1946 2954 1977 2941 1977 2941 1977 2941 1982 2941 1982 2941 1986 2941 1986 2941 1986 2941 1991 2941 1991 2941 1995 2941 1995 2941 1995 2945 1995 2945 2009 2959 2022 2977 2054 2959 2086 2945 2086 2945 2086 2945 2090 2945 2090 2945 2095 2945 2095 2945 2095 2945 2099 2945 2099 2945 2104 2945 2104 2945 2104 2950 2104 2950 2117 2963 2135 2986 2244 2986 2284 2968 2311 2954 2311 2954 2311 2954 2316 2954 2316 2954 2320 2954 2320 2954 2320 2954 2325 2954 2325 2954 2365 2972 2429 2995 2487 2972 2519 2963 2524 2963 2524 2963 2524 2963 2528 2963 2528 2963 2533 2963 2587 2977 2677 3004 2709 2981 2722 2972 2727 2972 2727 2972 2727 2972 2731 2972 2731 2972 2736 2972 2736 2972 2736 2972 2740 2972 2740 2972 2772 2986 2840 3013 2894 2986 2907 2981 2907 2981 2907 2981 2912 2981 2912 2981 2916 2981 3047 2986 3047 2986 3047 2986 3052 2986 3052 2986 3056 2986 3065 2995 3115 3022 3296 3013 3300 3013 3300 3013 3300 3013 3305 3013 3305 3013 3359 3035 3427 3004 3431 3004 3431 3004 3436 3004 3436 3004 3436 3004 3440 3004 3571 3013 3571 3089 3558 3157 3458 3126 3074 3139 2844 3144 2840 3144 2840 3144 2600 3116 2293 3080 2262 3103 2244 3116 2244 3116 2239 3116 2239 3116 2235 3116 2235 3116 2235 3116 2230 3116 2126 3112 2126 3112 2126 3112 2122 3112 2122 3112 2117 3112 2117 3112 2117 3107 2099 3094 2067 3062 2000 3058 1738 3058 1715 3076 1706 3085 1706 3089 1706 3089 1702 3089 1702 3089 1702 3089 1697 3089 1697 3089 1697 3094 1593 3094 1589 3089 1485 3085 1485 3085 1485 3085 1481 3085 1481 3085 1481 3085 1476 3085 1476 3085 1458 3067 1422 3040 1304 3058"/></Shape>
	    <String CONTENT="Amazonibus, uel ab Androclo Codri Atheniensium Reg"
                    HPOS="1300"
                    VPOS="2913"
                    WIDTH="2271"
                    HEIGHT="244"></String>
          </TextLine>

          
          
          <TextLine ID="eSc_line_3f5d9ef1"
                    TAGREFS="LT85"
                    BASELINE="1313 3121 2980 3207 3580 3211" 
                    HPOS="1304"
                    VPOS="3013"
                    WIDTH="2276"
                    HEIGHT="257">
            <Shape><Polygon POINTS="1313 3121 1309 3022 1390 3013 1390 3013 1395 3013 1395 3013 1399 3013 1399 3013 1399 3013 1404 3013 1422 3026 1471 3058 1593 3071 1837 3076 1869 3049 1878 3044 1878 3040 1882 3040 1882 3040 1882 3040 1887 3040 1887 3040 1891 3040 1977 3040 1977 3040 2077 3044 2077 3044 2077 3044 2081 3044 2081 3044 2081 3044 2113 3062 2180 3098 2451 3103 2501 3080 2537 3067 2537 3067 2542 3067 2542 3067 2542 3067 2546 3067 2546 3067 2546 3067 2551 3067 2551 3067 2596 3085 2668 3121 2885 3126 2925 3103 2939 3094 2943 3094 2943 3094 2943 3094 2948 3094 2948 3094 2952 3094 2952 3094 2952 3094 2957 3094 2957 3094 2957 3094 2962 3094 2975 3107 3007 3126 3025 3107 3034 3103 3034 3098 3034 3098 3038 3098 3038 3098 3038 3098 3043 3098 3043 3098 3043 3098 3142 3094 3147 3094 3413 3107 3413 3107 3413 3107 3418 3107 3418 3107 3418 3107 3422 3107 3422 3107 3449 3130 3476 3153 3576 3139 3580 3211 3576 3261 3029 3261 3025 3256 3025 3256 3020 3256 3020 3256 3020 3256 3016 3256 2993 3238 2980 3234 2971 3238 2921 3265 2921 3265 2921 3265 2916 3265 2916 3265 2912 3265 2912 3265 2912 3265 2907 3265 2907 3265 2844 3238 2808 3270 2808 3270 2803 3270 2803 3270 2803 3270 2799 3270 2799 3270 2794 3270 2794 3270 2794 3270 2790 3270 2790 3270 2713 3234 2677 3261 2673 3261 2673 3261 2673 3261 2668 3261 2668 3261 2668 3261 2664 3261 2257 3243 2257 3243 2257 3243 2253 3243 2253 3243 2253 3243 2248 3243 2248 3243 2248 3238 2221 3216 2203 3198 2140 3211 2049 3234 2049 3234 2049 3234 2045 3234 2045 3234 2040 3234 2040 3234 2040 3234 2036 3234 2000 3207 1968 3189 1914 3207 1851 3225 1846 3225 1846 3225 1846 3225 1842 3225 1733 3220 1733 3220 1733 3220 1729 3220 1729 3220 1724 3220 1724 3220 1724 3216 1720 3216 1706 3198 1702 3193 1661 3198 1548 3211 1548 3211 1544 3211 1544 3211 1304 3184"/></Shape>
	    <String CONTENT="filios: in qua fuit Dianae celebre templum cedrinis ta"
                    HPOS="1304"
                    VPOS="3013"
                    WIDTH="2276"
                    HEIGHT="257"></String>
          </TextLine>

          
          
          <TextLine ID="eSc_line_80a89d11"
                    TAGREFS="LT85"
                    BASELINE="1318 3243 2822 3315 3558 3315" 
                    HPOS="1309"
                    VPOS="3148"
                    WIDTH="2249"
                    HEIGHT="239">
            <Shape><Polygon POINTS="1318 3243 1322 3148 1462 3193 1625 3193 1675 3162 1679 3157 1684 3157 1684 3157 1684 3157 1688 3157 1688 3157 1688 3157 1693 3157 1693 3157 1697 3157 1697 3157 1720 3166 1815 3202 1891 3175 1914 3166 1914 3166 1918 3166 1918 3166 1923 3166 1923 3166 1923 3166 1928 3166 1959 3175 2072 3211 2271 3193 2271 3193 2275 3193 2686 3234 2718 3211 2722 3207 2722 3207 2727 3207 2727 3207 2727 3207 2731 3207 2731 3207 2736 3207 2736 3207 2736 3207 2740 3207 2740 3207 2740 3207 2754 3211 2794 3238 2822 3216 2835 3202 2835 3202 2840 3202 2840 3202 2840 3202 2844 3202 2844 3202 2844 3202 2849 3202 2849 3202 2853 3202 2853 3202 2853 3202 2858 3202 2858 3202 2858 3207 2862 3207 2871 3220 2880 3229 2962 3220 3083 3211 3083 3211 3088 3211 3558 3252 3558 3315 3548 3365 3381 3351 3350 3360 3241 3387 3237 3387 3237 3387 3232 3387 3232 3387 3232 3387 3228 3387 3228 3387 3228 3387 3151 3351 3138 3342 3133 3347 3120 3360 3120 3365 3120 3365 3115 3365 3115 3365 3115 3365 3111 3365 3111 3365 3111 3369 2627 3369 2623 3365 2623 3365 2618 3365 2618 3365 2618 3365 2614 3365 2614 3365 2614 3360 2569 3324 2564 3315 2384 3310 2365 3315 2271 3347 2266 3347 2266 3347 2266 3347 2262 3347 2262 3347 2262 3347 2257 3347 2257 3347 2253 3347 2253 3347 2253 3347 2226 3319 2185 3347 2180 3347 2180 3347 2176 3347 2176 3347 2176 3347 2171 3347 1923 3338 1923 3338 1923 3338 1918 3338 1918 3338 1828 3297 1684 3310 1684 3310 1679 3310 1679 3310 1675 3310 1566 3279 1566 3279 1562 3279 1485 3306 1485 3306 1481 3306 1481 3306 1476 3306 1476 3306 1476 3306 1309 3265"/></Shape>
	    <String CONTENT="lis a Chersiphrono (ut et apud plinium legendum"
                    HPOS="1309"
                    VPOS="3148"
                    WIDTH="2249"
                    HEIGHT="239"></String>
          </TextLine>

          
          
          <TextLine ID="eSc_line_443a7226"
                    TAGREFS="LT85"
                    BASELINE="1304 3369 2682 3432 3585 3437" 
                    HPOS="1300"
                    VPOS="3270"
                    WIDTH="2285"
                    HEIGHT="239">
            <Shape><Polygon POINTS="1304 3369 1300 3274 1417 3270 1422 3270 1422 3270 1422 3270 1426 3270 1426 3270 1431 3270 1440 3279 1508 3315 1611 3283 1611 3283 1616 3283 1616 3283 1616 3283 1620 3283 1620 3283 1625 3283 1625 3283 1625 3283 1625 3283 1630 3283 1688 3319 1819 3288 1855 3283 1855 3283 1855 3283 1860 3283 1860 3283 1860 3283 1864 3283 1864 3283 1869 3283 1869 3283 1869 3288 1869 3288 1873 3292 1905 3328 1959 3301 1959 3301 1959 3301 1964 3301 1964 3301 1968 3301 1968 3301 1968 3301 1973 3301 1973 3301 1973 3301 1977 3301 2027 3338 2447 3347 2596 3319 2596 3319 2596 3319 2600 3319 2600 3319 2605 3319 2727 3356 2907 3342 2907 3342 2912 3342 2912 3342 2916 3342 2916 3342 2984 3365 3160 3333 3205 3328 3205 3328 3210 3328 3210 3328 3210 3328 3214 3328 3214 3328 3214 3328 3219 3328 3228 3338 3287 3374 3404 3342 3427 3338 3431 3338 3431 3338 3436 3338 3436 3338 3580 3351 3585 3437 3576 3486 3463 3477 3449 3486 3422 3509 3422 3509 3418 3509 3418 3509 3418 3509 3413 3509 3413 3509 3409 3509 3409 3509 3409 3509 3404 3509 3314 3482 3264 3468 3241 3482 3214 3500 3210 3500 3210 3500 3210 3500 3205 3500 3205 3500 3201 3500 3201 3500 3201 3500 3196 3500 3196 3500 3192 3500 3192 3500 3165 3477 3147 3464 3124 3477 3106 3491 3101 3491 3101 3491 3097 3491 3097 3491 3097 3491 3092 3491 3092 3491 3088 3491 3088 3491 3088 3491 3056 3477 3025 3459 2993 3473 2957 3491 2957 3491 2957 3491 2952 3491 2952 3491 2952 3495 2673 3495 2668 3491 2668 3491 2664 3491 2664 3491 2664 3491 2659 3491 2659 3491 2627 3464 2605 3446 2582 3464 2560 3482 2555 3482 2555 3482 2555 3482 2551 3482 2551 3482 2546 3482 2546 3482 2546 3482 2542 3482 2542 3482 2542 3482 2537 3482 2515 3464 2501 3455 2469 3464 2379 3482 2379 3482 2379 3482 2375 3482 2375 3482 2370 3482 2370 3482 2307 3459 2235 3432 2158 3455 2126 3464 2122 3464 2122 3464 2122 3464 2117 3464 2117 3464 2113 3464 2113 3464 2113 3464 2090 3455 2067 3441 2049 3450 2022 3468 2018 3468 2018 3468 2013 3468 2013 3468 2013 3468 2009 3468 1837 3464 1837 3464 1837 3464 1833 3464 1833 3464 1828 3464 1828 3464 1828 3459 1810 3446 1788 3423 1742 3446 1711 3459 1711 3459 1706 3459 1706 3459 1706 3459 1702 3459 1702 3459 1702 3459 1697 3459 1697 3459 1657 3441 1589 3410 1431 3405 1300 3432"/></Shape>
	    <String CONTENT="ſactumi: quod Herestratus quidam igne constmpst "
                    HPOS="1300"
                    VPOS="3270"
                    WIDTH="2285"
                    HEIGHT="239"></String>
          </TextLine>

          
          
          <TextLine ID="eSc_line_b72a688c"
                    TAGREFS="LT85"
                    BASELINE="1304 3473 2736 3550 3585 3554" 
                    HPOS="1291"
                    VPOS="3401"
                    WIDTH="2294"
                    HEIGHT="216">
            <Shape><Polygon POINTS="1304 3473 1304 3401 1873 3441 2086 3423 2131 3423 2135 3423 2135 3423 2180 3428 2420 3464 2496 3437 2519 3432 2524 3432 2524 3432 2524 3432 2528 3432 2528 3432 2528 3432 2533 3432 2533 3432 2537 3432 2537 3432 2537 3432 2537 3437 2542 3437 2542 3441 2569 3473 2862 3482 2921 3455 2930 3450 2930 3450 2930 3450 2934 3450 2934 3450 2939 3450 3083 3455 3083 3455 3083 3455 3088 3455 3088 3455 3088 3455 3097 3459 3156 3491 3223 3464 3223 3464 3223 3464 3228 3464 3228 3464 3232 3464 3395 3468 3395 3468 3395 3468 3399 3468 3399 3468 3399 3468 3404 3468 3404 3468 3404 3468 3436 3495 3576 3477 3585 3554 3576 3617 3250 3581 3219 3599 3192 3617 3187 3617 3187 3617 3183 3617 3183 3617 3183 3617 3178 3617 3178 3617 3178 3617 3174 3617 3174 3617 3174 3617 3169 3617 3142 3595 3133 3590 3120 3595 3074 3613 3074 3613 3070 3613 3070 3613 3065 3613 3065 3613 3065 3613 3061 3613 3061 3613 3056 3613 3056 3613 3056 3608 3034 3590 3016 3572 2989 3590 2962 3604 2962 3604 2962 3604 2957 3604 2957 3604 2957 3604 2952 3604 2952 3604 2952 3604 2948 3604 2948 3604 2948 3604 2943 3604 2921 3586 2907 3577 2885 3586 2822 3604 2817 3604 2817 3604 2817 3604 2813 3604 2555 3590 2555 3590 2551 3590 2551 3590 2551 3590 2546 3590 2546 3590 2546 3586 2524 3568 2501 3586 2501 3586 2496 3586 2496 3586 2496 3586 2492 3586 2492 3586 2487 3586 2487 3586 2253 3559 1937 3568 1932 3568 1932 3568 1932 3568 1928 3568 1928 3568 1837 3531 1819 3518 1602 3513 1580 3518 1417 3545 1417 3545 1417 3545 1413 3545 1413 3545 1408 3545 1408 3545 1291 3500"/></Shape>
	    <String CONTENT="nominis immortalitatem hoc modo Sibi pararet E⟩"
                    HPOS="1291"
                    VPOS="3401"
                    WIDTH="2294"
                    HEIGHT="216"></String>
          </TextLine>

          
          
          <TextLine ID="eSc_line_9ca6859a"
                    TAGREFS="LT85"
                    BASELINE="1309 3581 2740 3662 3567 3676" 
                    HPOS="1300"
                    VPOS="3482"
                    WIDTH="2267"
                    HEIGHT="230">
            <Shape><Polygon POINTS="1309 3581 1300 3509 1363 3482 1363 3482 1368 3482 1368 3482 1368 3482 1372 3482 1372 3482 1377 3482 1377 3482 1453 3513 1526 3482 1526 3482 1530 3482 1530 3482 1530 3482 1535 3482 1535 3482 1539 3482 1539 3482 1539 3482 1544 3482 1598 3518 1657 3491 1657 3491 1661 3491 1661 3491 1661 3491 1666 3491 1828 3495 1828 3495 1828 3495 1833 3495 1833 3495 1928 3536 1928 3541 2117 3545 2117 3545 2162 3522 2162 3522 2162 3522 2167 3522 2167 3522 2167 3522 2171 3522 2171 3522 2384 3554 2519 3531 2519 3531 2519 3531 2524 3531 2524 3531 2528 3531 2528 3531 2528 3531 2600 3568 2605 3568 2618 3568 2781 3554 2785 3554 2785 3554 2785 3554 2790 3554 2862 3577 2903 3550 2907 3550 2907 3550 2907 3550 2912 3550 2912 3550 2916 3550 2916 3550 2921 3550 3052 3581 3372 3568 3377 3568 3377 3568 3377 3568 3562 3613 3567 3676 3562 3707 2505 3712 2501 3712 2501 3712 2496 3712 2411 3689 2022 3689 2018 3689 2018 3689 2013 3689 2013 3689 2013 3689 2009 3689 2009 3689 1977 3667 1666 3671 1661 3671 1661 3671 1657 3671 1657 3671 1657 3671 1652 3671 1652 3671 1652 3667 1598 3622 1598 3617 1300 3604"/></Shape>
	    <String CONTENT="Strabone, Pliuio, Solino, Theocsi interpntr, Stepharo"
                    HPOS="1300"
                    VPOS="3482"
                    WIDTH="2267"
                    HEIGHT="230"></String>
          </TextLine>

          
          
          <TextLine ID="eSc_line_9952f717"
                    TAGREFS="LT85"
                    BASELINE="1083 3734 1354 3721" 
                    HPOS="1074"
                    VPOS="3640"
                    WIDTH="280"
                    HEIGHT="153">
            <Shape><Polygon POINTS="1083 3734 1074 3640 1345 3644 1354 3721 1354 3739 1088 3793"/></Shape>
	    <String CONTENT="497 Eph"
                    HPOS="1074"
                    VPOS="3640"
                    WIDTH="280"
                    HEIGHT="153"></String>
          </TextLine>

          
          
          <TextLine ID="eSc_line_adb79863"
                    TAGREFS="LT85"
                    BASELINE="1341 3685 1616 3689" 
                    HPOS="1332"
                    VPOS="3608"
                    WIDTH="284"
                    HEIGHT="154">
            <Shape><Polygon POINTS="1341 3685 1341 3608 1611 3613 1616 3689 1607 3762 1332 3698"/></Shape>
	    <String CONTENT="arino"
                    HPOS="1332"
                    VPOS="3608"
                    WIDTH="284"
                    HEIGHT="154"></String>
          </TextLine>

          
          
          <TextLine ID="eSc_line_a7372067"
                    TAGREFS="LT85"
                    BASELINE="1350 3725 1304 3734 1332 3753 1481 3762" 
                    HPOS="1336"
                    VPOS="3671"
                    WIDTH="145"
                    HEIGHT="140">
            <Shape><Polygon POINTS="1350 3725 1350 3671 1481 3680 1481 3762 1471 3811 1336 3798"/></Shape>
	    <String CONTENT=" ra"
                    HPOS="1336"
                    VPOS="3671"
                    WIDTH="145"
                    HEIGHT="140"></String>
          </TextLine>

          
          
          <TextLine ID="eSc_line_f13ea8e5"
                    TAGREFS="LT85"
                    BASELINE="1598 3771 3576 3829" 
                    HPOS="1589"
                    VPOS="3644"
                    WIDTH="1991"
                    HEIGHT="248">
            <Shape><Polygon POINTS="1598 3771 1598 3644 1900 3676 1900 3676 1905 3676 1905 3676 1905 3676 1909 3676 1909 3676 1941 3703 2185 3667 2185 3667 2189 3667 2189 3667 2189 3667 2194 3667 2194 3667 2198 3667 2235 3689 2451 3676 2456 3676 2456 3676 2456 3676 2460 3676 2460 3676 2460 3676 2515 3703 2645 3676 2664 3676 2664 3676 2668 3676 2939 3685 2939 3685 2939 3685 2943 3685 2943 3685 2943 3685 2948 3685 2948 3685 2948 3689 2948 3689 2952 3689 2989 3739 3427 3753 3508 3753 3562 3707 3576 3829 3580 3856 3535 3892 3535 3892 3530 3892 3530 3892 3530 3892 3526 3892 3526 3892 3521 3892 3521 3892 3521 3892 3287 3847 3264 3843 3241 3843 2971 3879 2971 3879 2966 3879 2844 3874 2844 3874 2844 3874 2840 3874 2840 3874 2840 3874 2835 3874 2835 3874 2790 3838 2596 3847 2591 3847 2591 3847 2406 3820 2370 3847 2370 3847 2365 3847 2365 3847 2365 3847 2361 3847 2361 3847 2356 3847 2356 3847 2356 3847 2352 3847 2352 3847 2352 3847 2347 3847 2329 3834 2307 3852 2307 3856 2307 3856 2302 3856 2302 3856 2302 3856 2298 3856 2298 3856 2298 3861 2207 3861 2203 3856 2203 3856 2198 3856 2036 3807 2036 3807 2036 3807 1900 3825 1900 3825 1896 3825 1896 3825 1589 3789"/></Shape>
	    <String CONTENT="thesaliae urbs, postea Cranon, uel Crannona"
                    HPOS="1589"
                    VPOS="3644"
                    WIDTH="1991"
                    HEIGHT="248"></String>
          </TextLine>

          
          
          <TextLine ID="eSc_line_f8c24beb"
                    TAGREFS="LT85"
                    BASELINE="1291 3870 2673 3919 3567 3919" 
                    HPOS="1282"
                    VPOS="3766"
                    WIDTH="2285"
                    HEIGHT="208">
            <Shape><Polygon POINTS="1291 3870 1282 3802 1363 3766 1363 3766 1368 3766 1368 3766 1372 3766 1372 3766 1648 3793 1769 3775 1769 3775 1774 3775 1774 3775 1774 3775 1779 3775 1779 3775 1779 3775 1783 3775 1783 3775 1783 3780 1788 3780 1810 3807 2067 3784 2067 3784 2072 3784 2072 3784 2077 3784 2077 3784 2077 3784 2081 3784 2140 3825 2144 3825 2162 3825 2668 3798 2673 3798 2799 3802 2799 3802 2799 3802 2803 3802 2803 3802 2803 3802 2808 3802 2808 3802 2858 3843 2858 3843 2858 3843 3219 3820 3223 3820 3223 3820 3223 3820 3228 3820 3228 3820 3228 3820 3232 3820 3232 3820 3232 3825 3264 3852 3436 3838 3440 3838 3440 3838 3440 3838 3562 3865 3567 3919 3562 3951 3390 3974 3390 3974 3386 3974 3386 3974 3386 3974 3381 3974 3381 3974 3377 3974 3377 3974 3377 3974 3350 3946 3345 3942 3205 3937 3178 3942 3101 3965 3097 3965 3097 3965 3092 3965 3092 3965 3092 3965 3088 3965 3088 3965 3083 3965 3043 3942 3038 3937 2993 3937 2704 3956 2700 3956 2700 3956 2352 3924 2352 3924 2347 3924 2144 3942 2144 3942 2140 3942 2140 3942 2135 3942 2135 3942 2135 3942 2081 3915 2072 3910 2063 3915 2022 3933 2022 3933 2022 3933 2018 3933 2018 3933 2013 3933 2013 3933 2013 3933 2009 3933 2009 3933 2009 3933 1968 3910 1955 3906 1932 3910 1873 3928 1869 3928 1869 3928 1864 3928 1864 3928 1864 3928 1769 3906 1738 3901 1706 3906 1616 3919 1616 3919 1611 3919 1611 3919 1611 3919 1607 3919 1607 3919 1607 3919 1602 3919 1580 3901 1566 3897 1286 3897"/></Shape>
	    <String CONTENT="cta : nam et ab Homero Cranonij, aut Crannonsj i"
                    HPOS="1282"
                    VPOS="3766"
                    WIDTH="2285"
                    HEIGHT="208"></String>
          </TextLine>

          
          
          <TextLine ID="eSc_line_fb112c51"
                    TAGREFS="LT85"
                    BASELINE="1327 3992 3585 4023" 
                    HPOS="1318"
                    VPOS="3888"
                    WIDTH="2267"
                    HEIGHT="162">
            <Shape><Polygon POINTS="1327 3992 1322 3901 1986 3888 1991 3888 1991 3888 1995 3888 2054 3906 2158 3933 2311 3906 2375 3897 2375 3897 2379 3897 2542 3906 2542 3906 2546 3906 2546 3906 2546 3906 2551 3906 2551 3906 2551 3906 2551 3910 2578 3933 2600 3915 2600 3915 2605 3915 2605 3915 2605 3915 2609 3915 2609 3915 2614 3915 2614 3915 2614 3915 2618 3915 2618 3915 2618 3915 2677 3946 2966 3951 3427 3951 3472 3915 3476 3910 3476 3910 3481 3910 3481 3910 3481 3910 3485 3910 3485 3910 3490 3910 3490 3910 3490 3910 3494 3910 3494 3910 3499 3910 3499 3910 3499 3910 3503 3915 3526 3937 3571 3915 3585 4023 3576 4050 1318 4023"/></Shape>
	    <String CONTENT="eppellantur Ephyri. Ex Strabone, Homeri Interpuete, Stepl eo"
                    HPOS="1318"
                    VPOS="3888"
                    WIDTH="2267"
                    HEIGHT="162"></String>
          </TextLine>

          
          
          <TextLine ID="eSc_line_2abcb08d"
                    TAGREFS="LT85"
                    BASELINE="1273 4068 2758 4140 3562 4149" 
                    HPOS="1264"
                    VPOS="3956"
                    WIDTH="2298"
                    HEIGHT="248">
            <Shape><Polygon POINTS="1273 4068 1277 3956 1422 3996 1634 3983 1639 3983 1639 3983 1639 3983 1643 3983 1643 3983 1643 3983 1648 3983 1648 3983 1670 4001 1697 3978 1697 3978 1702 3978 1702 3978 1702 3978 1702 3978 1706 3978 1706 3978 1711 3978 1711 3978 1760 3983 2131 4023 2230 4010 2311 3996 2311 3996 2316 3996 2641 4010 2641 4010 2641 4010 2645 4010 2740 4037 2772 4046 2794 4041 2871 4019 2876 4019 2876 4019 2880 4019 2880 4019 2880 4019 3061 4055 3106 4068 3314 4068 3314 4068 3409 4041 3413 4041 3413 4041 3413 4041 3418 4041 3418 4041 3422 4041 3422 4041 3422 4041 3427 4041 3427 4041 3427 4046 3431 4046 3454 4077 3458 4082 3558 4086 3562 4149 3553 4204 1264 4095"/></Shape>
	    <String CONTENT="phyra Dlidis arbs in peloponneso, Boeonoa etiam dicta"
                    HPOS="1264"
                    VPOS="3956"
                    WIDTH="2298"
                    HEIGHT="248"></String>
          </TextLine>

          
          
          <TextLine ID="eSc_line_526e4fcd"
                    TAGREFS="LT85"
                    BASELINE="1309 4177 3589 4253" 
                    HPOS="1300"
                    VPOS="4091"
                    WIDTH="2289"
                    HEIGHT="207">
            <Shape><Polygon POINTS="1309 4177 1304 4104 1869 4091 1873 4091 1873 4091 2063 4118 2117 4127 2126 4122 2149 4100 2149 4100 2153 4100 2153 4100 2153 4100 2158 4100 2158 4100 2158 4100 2162 4100 2162 4100 2167 4100 2248 4122 2298 4136 2393 4127 2519 4113 2519 4113 2524 4113 2524 4113 2528 4113 2528 4113 2569 4131 2605 4145 2822 4136 2943 4131 2948 4131 2948 4131 2948 4131 2993 4140 3097 4163 3165 4145 3192 4136 3196 4136 3196 4136 3196 4136 3201 4136 3201 4136 3282 4145 3499 4177 3576 4154 3589 4253 3585 4298 3070 4298 3065 4294 3065 4294 3061 4294 3061 4294 3061 4294 3056 4294 3056 4289 3034 4271 3020 4262 2898 4267 2727 4276 2722 4276 2722 4276 2524 4253 2456 4244 2447 4249 2420 4271 2420 4271 2415 4271 2415 4271 2415 4271 2411 4271 2411 4271 2406 4271 2275 4267 2275 4267 2013 4231 1964 4222 1788 4222 1648 4222 1602 4244 1602 4244 1602 4244 1598 4244 1598 4244 1598 4244 1593 4244 1593 4244 1300 4199"/></Shape>
	    <String CONTENT="uenenis abundabut : indeq. fuit mater Tlepoloni. Ex Stcobo"
                    HPOS="1300"
                    VPOS="4091"
                    WIDTH="2289"
                    HEIGHT="207"></String>
          </TextLine>

          
          
          <TextLine ID="eSc_line_c977bcf2"
                    TAGREFS="LT85"
                    BASELINE="1304 4271 1706 4285 2239 4330 3585 4370" 
                    HPOS="1300"
                    VPOS="4177"
                    WIDTH="2289"
                    HEIGHT="230">
            <Shape><Polygon POINTS="1304 4271 1304 4177 1499 4217 1611 4190 1643 4186 1643 4186 1643 4186 1648 4186 1648 4186 1765 4199 1909 4217 1946 4208 1986 4199 1991 4199 1991 4199 1995 4199 1995 4199 1995 4199 2000 4199 2000 4199 2000 4199 2004 4199 2004 4199 2018 4213 2045 4231 2117 4217 2185 4208 2185 4208 2189 4208 2189 4208 2194 4208 2266 4226 2375 4253 2397 4235 2406 4226 2406 4226 2411 4226 2411 4226 2411 4226 2415 4226 2415 4226 2420 4226 2420 4226 2420 4226 2424 4226 2424 4226 2451 4235 2478 4249 2496 4240 2519 4222 2524 4222 2524 4222 2524 4222 2528 4222 2528 4222 2533 4222 2533 4222 2533 4222 2537 4222 2605 4244 2623 4249 2659 4249 2853 4231 2853 4231 2858 4231 2858 4231 2862 4231 2862 4231 2862 4231 2925 4262 2952 4276 3223 4289 3395 4289 3399 4285 3431 4258 3431 4253 3431 4253 3436 4253 3436 4253 3436 4253 3440 4253 3440 4253 3445 4253 3445 4253 3445 4253 3449 4253 3589 4298 3585 4370 3576 4402 3282 4384 3269 4393 3260 4402 3260 4407 3260 4407 3255 4407 3255 4407 3255 4407 3250 4407 3250 4407 3246 4407 3246 4407 3097 4389 2939 4370 2835 4380 2749 4389 2749 4389 2745 4389 2745 4389 2636 4375 2478 4352 2442 4366 2424 4375 2424 4375 2420 4375 2420 4375 2420 4375 2415 4375 2415 4375 2320 4366 2189 4348 2158 4357 2140 4366 2140 4366 2135 4366 2135 4366 2135 4366 2131 4366 2131 4366 2054 4357 1882 4330 1720 4343 1675 4348 1675 4348 1670 4348 1670 4348 1666 4348 1666 4348 1661 4348 1657 4343 1616 4321 1553 4339 1539 4343 1535 4343 1535 4343 1530 4343 1530 4343 1530 4343 1499 4339 1390 4316 1300 4330"/></Shape>
	    <String CONTENT="Phyra in Epiro ab Ephyro Amaracis filio dicta Thspro⟨a⟩"
                    HPOS="1300"
                    VPOS="4177"
                    WIDTH="2289"
                    HEIGHT="230"></String>
          </TextLine>

          
          
          <TextLine ID="eSc_line_83d25f6c"
                    TAGREFS="LT85"
                    BASELINE="1282 4389 1968 4402 2691 4456 3585 4479" 
                    HPOS="1273"
                    VPOS="4289"
                    WIDTH="2312"
                    HEIGHT="226">
            <Shape><Polygon POINTS="1282 4389 1273 4325 1395 4289 1399 4289 1399 4289 1399 4289 1404 4289 1404 4289 1408 4289 1408 4289 1408 4289 1413 4289 1467 4321 1801 4303 1806 4303 1806 4303 1806 4303 1810 4303 1810 4303 1815 4303 1860 4330 2081 4316 2086 4316 2086 4316 2086 4316 2090 4316 2090 4316 2090 4316 2162 4357 2167 4357 2171 4357 2235 4330 2235 4330 2239 4330 2239 4330 2244 4330 2244 4330 2244 4330 2343 4352 2375 4325 2375 4325 2375 4325 2379 4325 2379 4325 2384 4325 2384 4325 2384 4325 2388 4325 2727 4339 2727 4339 2727 4339 2731 4339 2731 4339 2731 4339 2736 4339 2785 4375 2794 4384 3138 4389 3138 4389 3201 4357 3201 4357 3201 4357 3205 4357 3205 4357 3205 4357 3210 4357 3210 4357 3214 4357 3214 4357 3214 4357 3219 4357 3219 4357 3219 4361 3219 4361 3250 4393 3255 4402 3585 4407 3585 4479 3576 4515 2569 4492 2569 4492 2487 4479 2275 4447 2207 4470 2185 4479 2185 4479 2180 4479 2180 4479 2176 4479 2176 4479 2176 4479 2171 4479 2140 4470 2045 4438 1878 4452 1878 4452 1873 4452 1873 4452 1747 4429 1715 4452 1711 4452 1711 4452 1711 4452 1706 4452 1706 4452 1702 4452 1702 4452 1702 4452 1697 4452 1697 4452 1697 4452 1693 4452 1693 4452 1661 4425 1277 4438"/></Shape>
	    <String CONTENT="torum urbs, Cichyron antea dictae a Cichyro Mer"
                    HPOS="1273"
                    VPOS="4289"
                    WIDTH="2312"
                    HEIGHT="226"></String>
          </TextLine>

          
          
          <TextLine ID="eSc_line_c4e4d0f0"
                    TAGREFS="LT85"
                    BASELINE="1295 4483 2081 4506 3016 4578 3567 4583" 
                    HPOS="1286"
                    VPOS="4389"
                    WIDTH="2281"
                    HEIGHT="297">
            <Shape><Polygon POINTS="1295 4483 1291 4411 1611 4389 1616 4389 1616 4389 1616 4389 1620 4389 1620 4389 1625 4389 1625 4389 1625 4393 1661 4425 1666 4425 1666 4425 1760 4398 1765 4398 1765 4398 1769 4398 2090 4411 2090 4411 2095 4411 2095 4411 2095 4411 2099 4411 2099 4411 2135 4443 2140 4443 2144 4443 2271 4420 2271 4420 2275 4420 2275 4420 2555 4461 2582 4461 2605 4461 2817 4447 2822 4447 2822 4447 2822 4447 2826 4447 2826 4447 2889 4474 2930 4492 3567 4501 3567 4583 3553 4646 3278 4637 3223 4673 3219 4673 3219 4673 3219 4673 3214 4673 3214 4673 3065 4686 3061 4686 3061 4686 3061 4686 3056 4686 3056 4686 3002 4664 2641 4668 2636 4668 2636 4668 2636 4668 2447 4623 2393 4650 2393 4650 2393 4650 2388 4650 2388 4650 2384 4650 2384 4650 2384 4650 2379 4650 2379 4650 2379 4650 2375 4650 2375 4650 2347 4628 2185 4637 2180 4637 2180 4637 2180 4637 2176 4637 2045 4592 1950 4628 1950 4628 1946 4628 1946 4628 1941 4628 1715 4623 1715 4623 1715 4623 1711 4623 1711 4623 1706 4623 1706 4623 1706 4619 1670 4592 1548 4605 1548 4605 1544 4605 1544 4605 1544 4605 1539 4605 1539 4605 1535 4605 1535 4605 1458 4546 1286 4537"/></Shape>
	    <String CONTENT="nae filio Ex Sralone, Huutu, ct piniai Ioitroutu"
                    HPOS="1286"
                    VPOS="4389"
                    WIDTH="2281"
                    HEIGHT="297"></String>
          </TextLine>

          
        </TextBlock>
        
        <TextBlock HPOS="1968"
                   VPOS="505"
                   WIDTH="303"
                   HEIGHT="103"
                   ID="eSc_textblock_3c89b6a0"
                   TAGREFS="BT99">
          <Shape><Polygon POINTS="2271 608 1968 590 2077 505 2235 523 2271 608"/></Shape>
          
        </TextBlock>
        
        <TextBlock HPOS="3539"
                   VPOS="4709"
                   WIDTH="32"
                   HEIGHT="13"
                   ID="eSc_textblock_222c49af"
                   TAGREFS="BT99">
          <Shape><Polygon POINTS="3571 4722 3539 4722 3539 4709 3571 4709 3571 4722"/></Shape>
          
        </TextBlock>
        

        
        <TextBlock ID="eSc_dummyblock_">
          
          
          <TextLine ID="eSc_line_d5d54deb"
                    TAGREFS="LT85"
                    BASELINE="3472 4718 3526 4722" 
                    HPOS="3458"
                    VPOS="4573"
                    WIDTH="68"
                    HEIGHT="217">
            <Shape><Polygon POINTS="3472 4718 3472 4578 3526 4573 3526 4722 3508 4790 3458 4767"/></Shape>
	    <String CONTENT=""
                    HPOS="3458"
                    VPOS="4573"
                    WIDTH="68"
                    HEIGHT="217"></String>
          </TextLine>

          
        </TextBlock>
        
      </PrintSpace>
    </Page>
  </Layout>
</alto>
