3894 5310
1252 544 2372 208 cubitorum altitudine aere futto, qui terramotu corrus

1269 685 2363 146 quo aere postea Saraceni, qui Insulam occuparunt a

1269 778 2386 133 no Dcc nongentos caumlos onerarunt : ſed occ

1274 849 2367 151 anis postea Iusulam Saracenis eripunr Diui Ioanuis

1269 946 2381 129 quitus Hierosoly mitani, quos anno M DXXeII Solima

1287 1035 2345 137 Turcarum Rex expuli. Aubetus Insulae est cXXX A

1265 1128 2385 128 uel, ut Straloo ait ciit M. Ex iso, Dcodoro, Plimo, Sob

1269 1208 2133 137 no Stephano, Eustaethio, Sabellico, Varino, Iouio.

995 1283 2660 137 25 Rhoetes Tuoiae fluuius in Æsepum fluens, pidis, et Car

1283 1402 2380 120 ſus etiam dictus, a quo Caresene regio montana nu

1269 1455 2381 186 upatur, quam incolae Ceraseneum dicunt. Ex Srabono

1265 1570 412 124 Eustathur

995 1623 2677 155 26 Rhoxolani, et Rhopani inter Tanaim, et Borysthenem, Cira⟨⟩

1265 1730 2385 137 ſorum ſtirpe creduntur esse, qui nunc Rutheni, Russiq a

1269 1809 2372 146 pellantur, in albos, rubros q. diuisi. Alli sturt Sub M

1278 1898 2381 141 couitis, Ilubri ſub Lithuania. Sed iti Russi rubri uidbi

1265 1986 2390 146 tur proprie fuisse Rhopolani, illi autem Russi albi fuis

1261 2075 2389 150 Borusci. Sed Nicetas Rhos( ſic enim eos uocat) Stui

1252 2159 2411 159 bi fusse Scythas Hyperboraeos. Ex ello, Strabone, Vea

1278 2265 1474 142 laterrano, athri, Iodoco, Lagio

1026 2323 2633 177 27 Rhunicatae Vindeliciae populi, Thunicates ſune. Ex Murſ

1039 2438 2611 150 28 Rhutani in Aquitama non longe ab Aruernis, et Str

1243 2522 2385 150 ctonibus, Rhodes et ipsi dicuntur, et eorum oppedum

1283 2597 2168 164 quod Segodunum fuit. Ex Martiano, Munstero.

1026 2672 2624 186 25 Rhyndacus fluius in ſagno Artynia ortus Asiam, Bia

1243 2770 2403 163 thyniam q. disterminans, lycus dicus est à plinio, Ste

1261 2858 2385 199 phanus uero Rhyndacum crbem nominat inter phryx

1243 2955 2407 173 et Hellespontum, ubi est ſepulctrum Briarei Ex iilli, Ve

1265 3079 699 124 rino, Munstero

1048 3084 2580 230 10 Ricina Insula propt Hyberniam, Bic nea dicitur a pl

1247 3230 1301 141 nio, nunc Ledel. Ex Castaldo

1053 3287 2066 173 31 Rigia Hyberniae ciuitas, Rega est. Ex Iouio

1057 3363 2589 207 32 Rigodolus apud Tacitum, Rhyntal a Germanis dicit

1256 3495 2115 146 ia Treuirorum aguo, nunc Aisſel. Ex Lazio.

1062 3570 2593 191 33 Rigodunum Brigantum urbs in Britannia, Vunrington

1247 3712 589 133 est. Ex Iouio

1066 3743 2593 195 34 Nigoniagus Germanmae op. ad Rhenum, Rynmego est

1230 3871 460 138 Ex Laztio

1035 3916 2606 185 35 Ringus Auaerum olim regia in pannonia, esse corditur

1221 4031 2407 163 Altenburg hoc est antiqua ciuitas in Austria, quod opp

1283 4115 2310 177 ſum a pannonijs ipsis dicitur Auar. Ex Cuspiniamu

1013 4199 2588 168 36 Ripa alta in Britannia Roxenburg est. Ex Munster

1172 4309 2221 116 Rpa alta apud Istrum, Pentole dicitur. Ex Lazio

1017 4380 2607 182 37 Ripaaria, et Ripartuia Hispaniae urbs prope Turia

3398 4464 217 208 ſuu
