3681 5350
562 485 2320 232 ioruu regio Aiartus dicinudatan, upit e i

566 664 2347 151 fubiecta Thebis cognomine phthiotidi bus, coniunct a

575 749 2351 160 cum Maliensibus. a hi phthiotae uidentur fuisse ſub

575 847 2405 160 Mchil : Myrmidones etiam appellati, quod ex Ægina urb

588 945 2303 147 Myrmidones uocabantur, in phthiam uenerint cum

597 1029 2379 174 peleo. phthis autem a phthio dicti, uidentur fuisse ſub

593 1132 2307 169 protesilao, et proprie erant Methones incolae, ut ait

602 1221 2333 187 porphyrius. Strabo antem phthios Suribic dici ab Hro

584 1404 236 125 mero

932 1333 2070 133 Thessalios illojs ones, qui erant ſub Achille, ptre

593 1404 2391 214 tesilau, et philoctate. Myrmidones autem qui ſub, Acellus

602 1493 2400 227 et Patroclo erant, hoc est ili, qui ex Ægina profu¬

611 1600 2387 214 gum peleum comilati ſunt. Ex illis, Eustathio, Vaino

517 1676 2383 241 phihia portus in Marmarica, pynus est. Ex Munſtaro

321 1774 2699 263 07 Phchirophagi, uel phtherophagi poputi in ponitu, Suani etiar

597 1930 1321 192 dicti, postea Salae. Ex Plinio

316 1957 2731 258 128 physcon in Italia locus a physconibus uetoribus pelasgis dia

620 2073 2342 214 ctus, Arx etiam Iti Soc est Iouis, et Mons Faliscs a

615 2157 2369 232 Faliscis Halesi posteris in eo commorantibus, nunc Mons

620 2304 1311 197 Plastonus. Ex ouidio, Munster

361 2313 2659 299 109 Picentes Italiae poputi ab Aterno amne ad Æsim Vmbrorus

638 2420 2387 255 fnem inter Anconem, et Semegalliam occc Stadicnum

629 2510 2360 240 congitudine, Sabinorum genere, picentini etiam dicuti

655 2603 2383 250 ib aue pico, quam ex Sabina abeuntes ueq. in pi

651 2701 2365 245 cenum ſeicuti ſuntab ipsis uocatum, nunc dicitur Mu

655 2786 2276 259 hia Nrmana a Firmo oppido. Ex Strabeno, Bloriso

392 2880 2624 272 io Picentini poprae e piaeno a Romanis traduui in ſinnn

646 2964 2405 263 posidoniatem a Sarno ad Silarim, quae regio Cam

669 3062 2387 250 pania uetus dicebatur, ube ſunt oppida Surentum, Saleo

655 3156 2437 236 num, et Sanctum Severinum. Ex Sttone, Volunrrao

539 3241 2472 272 Picenum urbicium in Breuiano Imperij Romani, dicitur

646 3366 2209 222 regio, quae nunc uocatur Abruzzo. Ex Alciato

397 3424 2619 276 ieet Pictones Galliae popui in Aquitania, pictauienses ſunt

664 3513 2365 272 et uulgo poictiers, eorum regio Poictou. Ex Vol Rob

428 3602 2623 290 113 Pieria Boeotiae urbs a Piero Methonis fratre, Liniq

754 3700 2333 245 arre dicta, poſtea lyncus : ubi Melisseus suibit negpia

740 3811 2334 241 e Aeropum Emathionis filium natu m apximcnn Cx

691 3985 732 165 Ioanne Tzeczo

664 3918 2414 321 ieria Macedoniae urbs a Piera Macedonis filio, nunc La

696 4052 2418 254 cosic hia dicitur. Ex Eustathio, Luzio Alaui tamen fiss

709 4266 1263 152 riam aur Eustathio, Lazio

1298 4155 1762 182 omerum intelli, gunt uerticem quendam

704 4360 295 196 ogyue

450 4257 2700 375 1t Pinidus Locridis urbs, ab aliquibus Acyphantis uocatur : S

829 4404 2240 326 us Hex fuit Æpalius in leginum aeb Herule r

2913 4502 89 121 t
