3698 5413
1842 414 365 136 Liber

1237 563 2397 181 Hellada uocatam omnem fermè regionem habitatam ex

1241 654 2339 135 cepta Italia : in quo ſignificatu Herodicus Babylonius

1250 748 2339 131 Hellada posuit. Ex Strabone, Iosepo, Plinio, ſtephano,

1255 839 840 108 Euſtathio, Varino.

1065 893 2502 153 16 Hellopia Molossidis in Epiro uel Thesprotica ciuitas

1241 996 2348 149 ab Hellis populis dicta, Dodon, et Dodone postea appell⟨a⟩

1237 1118 2348 122 ta fuit a Dodone fluuio, uel a Dodone oceani filia ibi

1241 1213 2348 140 ue Iouis, et Euopae, ubi pelasgi templum fabricaretur

1259 1312 2339 140 Iouis Dodonaei propterea uocati ab Homero : quod qu⟨i⟩

1241 1411 2339 140 dem templum fui circa phagum, πολύγλωσσον a Soph⟨o⟩

1246 1502 2334 157 cle apellatam, quod multis responsa danet. Philochorus

1250 1623 2335 113 autem circumstantem Dodonae locum Hellopiam ait ap

1246 1700 2203 144 pellati. Ex Strabono, Stephano, Eustathio, Varino.

1079 1777 2469 171 17 Heluetij Germaniae populi Rheno, Rhodano, Lacu Lem⟨a⟩

1250 1899 2330 148 no, et Iura monte cincti, Suizzeri dicuntur, gens libe

1255 2011 2343 149 ra, in tresdecim pagis diuisa, pugnacissima adeo, ue pro

1259 2115 2037 162 pio cruore aliena bella peragat. Ex Ægodio

1079 2214 2515 140 18 Hemonia Britanniae Insula, Columba est ſub Scotis

1268 2309 488 140 Ex Iouio

1088 2377 2497 180 19 Hemopolis Illyrici urbs, Gradisca est, Gratiana dicta. Ex

1241 2512 957 149 Illyrici tabula, Lazio.

1079 2607 2515 131 20 Heptaporus Troiae fluuius prope pulchram Peuce⟨⟩

1268 2697 2317 176 polyporus dicitur, et, ut aiti Strabo, Heptacis : qui

1264 2832 2330 145 Nicomedia usq. in Niceam habet uiginti quatuor tr⟨a⟩

1273 2923 1598 153 iectiones. Ex Strabone, Eustathio.

1074 3031 2524 144 21 Heraclea urbs in Bactriana ab Alexandro condita, ⟨⟩

1273 3121 2316 176 ab Antiocho restituta, Achais q. uocata fuit. Ex Plinio

1192 3207 2388 185 Heraclea in Caria, Bolbae dicebatur, plistarchia, et Lat

1264 3319 2316 167 mos ab imminente monte, qui Latmos appellantur : qu

1277 3437 2285 144 Hecataeus putat ab Homero uocati Φθείρων hoc est

1268 3522 2317 163 pinuum montem, quidam uero ⟦euus⟧ Grium appelatus

2772 3522 171 82 eum

1277 3635 2308 158 haec urbs iam dicitur Alamanius mediterraneus, uel

1268 3739 2339 162 Lamia, uel Palacia : quamuis Palacia Sti fluuius,

1268 3852 2330 149 uocabantur Maeandrus, et postea Caricus. Ex Strabon

1282 3937 1743 163 Stephano, Eustathio, Bordono, Munstero.

1219 4023 2339 208 Heraclea ponti, ante Megaricē, nunc Naxio dicta. Ex Pli⟨nio⟩

1277 4140 398 91 Munstero

1219 4208 2379 144 Heraclea in Macedonia, ab Iouio Scopia uocatur. Sab⟨⟩

1282 4330 2303 135 cus ueco Scopiam fuisse Scribit Scampes Eordetae

1282 4407 2285 171 urbem in Macedonia : quam Mela Scarpham appell⟨⟩

3499 4438 144 221 S
