3840 5310
1222 561 2347 186 lea appellata, alydijs euersa, instactrata ab Antiodori

1235 699 2303 137 lysimacho, cum porticibus quadratis, et templo, Statua

1231 792 2303 141 Homeri, quem Smyrneum fuisse uolunt : et ingentem

1231 880 2343 142 terraemotum passam iterum restituin M. Antonins pri

1222 977 2352 151 ceps : nunc dicitur Limeres. Ex Strabone, plinio, Solini

1235 1084 886 137 philostrato, Munstero

899 1150 2697 159 170 Soddiana regio Asiae prope Bacterianam, cuius populi dicebum

1217 1261 2335 150 nur Sogi, et Sogdij, nunc Corasini, uel Corasmini, aut

1253 1354 2046 154 Tartari Zzagatai. Ex Stephano, Munstero, Iouio

899 1451 2396 155 171 Solicomium Germaniae opp. Bretta est. Ex Lazio.

783 1535 2817 146 b 17z Soloe urbs Cypri, Solis, quoq. dicta, et Epena, a Demophoi

1333 1659 2024 128 hesei filr condita. Ex Plutarcho, Harpocratione

779 1712 2817 164 a 172 Soloce urbs Elymaeorum in Asia prope Hedyphontem feo⟩

1217 1809 2073 146 uium, Seleucia postea dicta fuit. Ex Strabone

912 1893 2679 142 174 Soloentia urbs Libyae, Caput album est, uel Caput Caer

1217 1995 2140 142 ni. E Munſtero, Inlerpele nauigationis Hannonis

952 2079 2644 133 175 Soluis Ciliciae urbs a Solunte inhhospitali uocata, quem

1209 2168 2391 150 terfecit Hercules : uel a Solone legum latore, ut ait Eo

1226 2261 2383 141 phoion, a quo condita ureditur cum pisistrati tyramnid

1240 2362 2374 164 fugeret. Postea pompeiopolis ubi piratas uictos Pompo

1222 2464 2383 155 in eam collocauit Deonysius in tertio rerum Bassaricu

1217 2566 2370 155 rum Soleiam hanc urbem appellat, alij Solos. qua

1222 2663 2396 182 patria fuit Chrysippi Strici, et Arati, qui phaenoment

1231 2778 2334 164 uersibus conſuipsit. Ex Strabonr, Laertio, Stephno

952 2858 2670 177 176 Soppianum pannoniae opp. Maximiniani Caesaris patria So

1222 2978 833 132 pam est. Ex Lazio

961 3000 2670 190 177 Sorabi Germaniae populi Misnenses ſunt, quorum proui

1209 3110 2422 191 cin Rania, et Rugia dicebatur, nunc Misnia. Ex Altanmeo

1209 3243 429 142 Cromeo

961 3287 2661 173 178 Soracte mons in Latio, Saractus a Strabone dictus, et

1217 3420 2388 146 Mons Sanci Syluestri, et corruptè Sancti Tresti, quo

1213 3504 2427 173 in eo Syluester ipse latuerit. Ex Interpetatione Vrbium Itcta⟩

978 3597 2658 177 179 Sorae Nomades intermontes Bittigo, et Disathrum, Nar

1200 3703 1094 177 ſingi ſunt. Ex Munstero

987 3752 2104 217 180 Sornium Daciae opp. Seuuray est. Ex Lazio

1014 3849 2467 191 181 Sorogra pannoniae urbs, Sagabria uocatur. Ex eodem

1000 3964 2498 160 18tSparfum Achaiae opp. Ebada dicitur. Ex Villanouano

1005 4057 2480 168 185 Spedia in Ciguria, Speciae portus est. Ex Blondo (s fui

1009 4141 2609 173 184Sporchius Tessaliae fluuius uelocissimus, unde et nomen ha

1204 4234 2365 173 buit, quod etus unda (MοπρXIIο hoc est festina ſsit

1222 4340 2423 222 Salanibsia posea dcus, , nunc Lartacimi. px Isaacio, c

1217 4447 616 141 stathio, Lazio

3454 4407 155 243 pph
