3666 5350
530 601 2645 210 5j Epidanrus poloponnsi urbs Argolica, Leimere uocata pro

749 740 2404 129 ter prata florida, uel Lipera propter commodissimum

767 829 1311 142 portum. Ex Strabone, Stephano

700 922 2493 152 Epidaurus alteapeloponmsi in ſinn Saronico, Haemera

762 1025 2386 129 dicth a ſanguine uiclimarum, qnae ibi caedebantur in

771 1127 2395 157 honorem Æhculapij. Distomus quod in ancipitibus li

776 1221 2336 147 toribus ſit : Epicarus quod locum capitis obtineat

771 1324 2373 156 insignis q. esset propter Æsculapij templum : uel a Ca

767 1440 2368 160 ribus enm incolentibui. Epitaurus, a plinio Epidaui

771 1551 2377 147 rum, Milesia, et Milissia (quanuis Stephanus, et Eu

767 1662 2386 125 ſtathius haec nomina attribuant Epidauro Agolicae

780 1747 2350 161 per erronm, ſi Plinij doctissimi uiri auccoritatem Sp

776 1850 2372 169 quamur) n unc est Maluasia. Sed Bordonus Mal

780 1966 2413 147 uaſiam putat fuisse Onugnathon. Ex Strabone, Plinio

780 2064 1721 165 ptolemaeo, Stephano, Varino, Sabellico.

544 2175 2609 152 50 Epidaurum urbs Ilyrici in ſinu Ionies Romanorum Co

762 2269 2386 142 lonia, quam Gotthi delerunt, et ex ruinis Ragnſium

780 2367 2373 169 opp. condiderunt celebre Christianorum emporium

789 2501 2386 133 A Stephano uocari uidetur Epidamnus. Duas enim utr

789 2581 2386 160 bes huiustr nominis refert ipse alteram in Illyrico, alae

798 2670 1431 156 ram in Ionio Siaro. Ex Sabellico.

561 2768 2413 174 32 Epiphania Ciliciae urbs, Eniandos dicebatur. Ex Plinio

735 2880 2444 156 Epiphania ad Tigrim, Artesicerata quoq. nuncupata

789 2991 2087 143 quòd ab Arcesio condita fuerit. Ex Stephano

753 3085 2417 160 Epiphania in Syria, Æmath appellata, et Æmathrabba,

776 3183 2381 169 nunc Amathus, Ex qua fuit Euphrates Stoicus. Ex

865 3294 1070 125 Theodoreto, Hieronymo

597 3339 2587 200 33 Epirus Europae regio inter Macedoniam, et Achaiam

802 3455 2395 182 in qua quatuordecim gentes fuisse testatur Theo

807 3562 2417 191 pompus Molossia, et Chaonia etiam dicta, continetur

802 3664 2435 201 ſub Albania. Populi Molossi appellati fuere, et Pychia

789 3789 2435 196 dae, uel Pyrrhidae, ut apud Iustinum legitur, a Pyrrho A

793 3905 2333 196 chillis filio, qui hic regnauit, uel a Pytrho Epirota

807 4034 2426 174 Epirus autem, et Epiri littus apud Homerum fuin o

802 4155 2351 160 ra continentis contra Ithacam, et Cephalleniam,

811 4271 2417 178 qua ſub Vlysse erat, quam posteri dixere Acarna

807 4400 2417 156 niam : nunqpuam enim Homerus nominat Acarn

816 4485 2377 200 nas, ſed eos compurhendic ſub Cephallencum nomin

3135 4596 93 152 Ex

1378 445 428 250 Quintus

2479 454 130 188 5
