3666 5350
704 584 2449 178 Alalcomene, Tilphusion Coroneia, et ad aquilonem Copae, a

722 726 2448 147 quibus palus postea tota Copais appellata ſtadiorum 385

495 864 2662 197 192 Cepisus lacus iuxta Atlanticum nare, a Mauris Eleari lacus

762 833 1289 107 ircuitu. Ex Srrabone, Eustathio.

508 1020 2292 165 133 Cepiana Lusstanriae urbs, Pignol est. Ex Munstero

726 998 892 85 uocatar. Ex Plirero

499 1119 2649 160 154 Cerusus Cappadociae urbs, uode Cerasae creduntur allata in

490 1288 2738 156 135 Cercina Aphricà Insula lonpa 5. M.P. 12 M. Lata, Ceruu

709 1221 1712 129 Italiam, Zephano uocatur. Ex Roberto.

517 1448 2627 210 186 Cercitae poni poputi in paphlagonia, Apaitae postea dicct

758 1417 1088 98 na est. Ex Munsſtero Ch

503 1627 2703 191 157 Cescyra, et Coruyra Epiri Insula in Thesparotico ſinu, a Cer

709 1569 709 134 Ex Strabrne.

744 1743 2467 174 cyra Asopi filia, Phaeacia ab Homero dicta a phaeaco Ee

744 1845 2489 183 cyrae ipstus filio ex HNeptumi a Callimacho Drepane, ab

749 1952 2413 188 clijs Drepanum a falce, Iaqua Saturinus amputauit

753 2055 2484 183 uirilia Chrono, ut ai Timaens, inhac Insula posita : ue

740 2180 2471 174 qua Iupiter uirilia castrani patrem : Sſice a falce, qua

753 2291 2453 174 a Vulcano accepta Ceres primum ſpicas incidit, in ma

753 2394 2502 182 ritima huius Insulae parte abſundita Eplyra quoq. nun

753 2492 2502 227 upata, Thespotia, Scheria a Cerere, quae a Neptuno

744 2603 2502 241 inſeuta inhans Insulam fugit, et ne continenti inn

798 2724 2395 254 geretur ſluuiorum fluxus auenit, et propterea aby

780 2866 2444 241 Cnoxfe uoccntit, qud Aristoteles ſuibit in Rep. Cer

753 3004 2409 206 Cyraeorum. Corinthus item a Corintho Oorestis filio

753 3143 2475 156 Macris a Macride Bacchi utrice, nunc dicitur Cor

776 3254 2421 183 phu a Corypho promontorio, cuius meminit Nicetas

784 3415 2436 129 Longiundinie est XII M. P. ambitu ccc. M nelle

780 3486 2457 187 cera, uino, oleo q. abundans : quam prius Liburni habita

780 3620 2364 178 runte, postea Corinthij in eam adducti a Chersicrute

784 3731 2476 183 Heraclida: nunc ſub Venetorum Imperio est. Ex Stra

793 3838 2377 178 bone, Plinio, Pausania, Stephano, Homeri Interprete

807 3963 749 147 Isaacio, Varino

503 4021 2703 183 158 Cerinthus Euboeae opp. Ello in mari ſitum, naum eius fui

789 4159 2408 152 ramenta tangunt mare, inde ab Homero E pador cx

825 4248 2359 165 gnoninatur Ellopia dictum fuit ab Ellope filuo

833 4364 2355 165 ſithono, uel Ionis. Ex Strabone, Eustathio Sarino

526 4453 2689 210 139 Cerne Libyae Insula in Atlantito, tantum a colunnis

3032 4601 188 147 Her
