3840 5310
850 464 2684 186 26 Tarſus Ciliciae urbs à perseo, uel à Sardanapalo condita

1204 588 2303 142 Argiuorum colonia, Tersus etiam dicta, et Tersia

1200 681 2334 142 Tzoursλrae, quod exſiccare ſignificat : dicitur enin

1244 778 2299 142 prima ex locis Ciliciae exſiccata post cataclysmum : Tl

1248 871 2281 142 fus quoq. a Tharso filio Iauam, uel Azae : Cranica

1235 960 2321 141 Cranio, Hieria, et ab Antiocho Epiphane Antiochia, non

1257 1057 2295 137 Taressa, Pauli Apostoli uiri divini Patria, et Hernog

1235 1168 2308 115 nis Rhetoris. Ab ea Cilices omnns appellati ſunt The

1235 1221 2290 159 ſes. Ex Iosepo, Solino, Ammiano, Stephano, Munster

1133 1309 2427 155 Tarsus in Bithynia, Tarseia appellatur a Demosthenm is

934 1477 2587 164 27 Taruesede in Rhaetia, dicitur Villa Sanci Iacrbi. Ex Ægido

1204 1416 1267 123 Secundo de rebus Bithyniae.

947 1588 2636 142 28 Taruſatij, et Tarusates Galliae populi, Turssae ſunt in Aquio⟩

983 1747 2617 146 29 Taruscon⟧ Salicum Ciuitas in Narbonensi Gallia, Tarasco

1231 1690 872 133 nia. Ex Volaterrano

978 1929 2321 133 30 Tasgetium Rhaetiae opp. Tussenbere est. Ex Lazio

1240 1849 1218 128 nunc dicitur. Ex Munſtero

996 1982 2595 177 31 Tasta Aquitaniae urbs Datiorum, bax dicitur. Ex Muusta

1000 2075 2569 164 32 Taua aestus in Britamnia, Tynemouth appellantur. Ex eode

1014 2168 2573 172 33 Taulantij, uel, ut est apud Euphorionem, Taulantini in Ilyri

1231 2270 2347 172 populi non longi a Dyrrhachio : Dassarini, Dassareni, De⟩

1231 2349 2352 195 ritij, Dasaretij, Dassaritae, Dassaretae, et Dardani dic

969 2539 2631 177 34 Tauria, et Taurus fluuius Germaniae, Turus dicitur. Ex

1231 2438 2356 190 Albani nunc appellantur, et Albaneſij. Ex Steph. Sabel. He⟩

1231 2655 620 146 Becto Rhenano

987 2703 2627 186 35 Taurianus Scopuilus Brustiorum in Italia, Teriana est Ex

1244 2845 399 128 Munstero

1005 2840 2626 226 86 Taurisium Ventie opp. a Noricis Osirianis Taurisanis ut

1244 2982 2392 159 ditum, Totilae Regio patria ;: a Salodo Vuagarorum Rege

1248 3097 2388 159 rutum, nunt Triuiſium ab imagine Hecates tricipite

1248 3194 2388 146 existente ſupra portam Patatium uersus. Vrbs hac

1231 3287 2400 146 etiam Turinum appellata creditur. Ex Annalibus Taur

1240 3363 1120 163 ſinis, Micobuldo, Annio.

1009 3416 2627 216 37 Taurominium Siciliae opp. a Taurominio propinquo fluuis

1240 3535 2391 168 dictum, in Tauro colt conditum ab Andromacho Tic¬

1240 3637 2396 177 Historiarum Suiptoris patre uiro opibus, et animo pra

1240 3739 2396 177 ſtanti, Naxus etiam dictum, et Euseboneora, nunc Ta

1240 3863 2312 146 uernera. Ex Dcodoro, Plinio, Solino, Vibio, Munstero.

983 3933 2675 160 38 Taurus mons ab ora Rhodo opposita. Ex noincipins Ex montie

1248 4044 2410 137 bus Chelidonijs Insulis imminentibus, perturrens q. Xie m

1257 4132 2388 129 lium ſtudiorum longitudine usq ad extrema Iudiae, et Stythia

1248 4230 2357 137 pomontoria orientem uersus ;, Asiam divideus in duas

1253 4305 2405 155 partes alteram ad Septentuionem eram ad mecidiem con

1248 4402 2428 191 uersas, qus caraeci intra, et extu Taurum uocunt. Mu
