3698 5413
993 631 2574 226 6 Behasi Salliaeopute, Torieunn, Superitrus ſa. Ex Mai

1002 771 2569 189 68 Bethel palaestinae opp. ubi Iacob uidit ſcalam Caelum e

1219 875 2352 176 cntingentem, Luz etiam dictum, hoc est amigdala, et

1232 1001 2348 135 ab Acacio Luga, a Septuazinta Interpretibus Vlam

1223 1100 2353 113 maus non reaè aduerbium Hebraicum arbitrati esse pa

1223 1168 2371 158 tem noninis eiuis urbis , et. M. P. a Caesarea distans

1241 1272 1486 139 Ex Hieronymo, Eugubino, Munstero

1079 1335 2488 189 3 Deshleem in Palaeſtina Ciuitas prope Hieroroſymam, a

1246 1452 2325 153 craecis Betlena dicta, Ephrata etiam uocata fuit, et

1237 1538 2357 167 Caleb Ephrata : ubi natus est Seruator noster Decia

1232 1646 2357 149 et homo Christus Iesus. Ex Hieronymo, Steph. Brocar

1043 1709 2564 199 70 Bethsaida palaestinae urbs petri, Andreae, et philippi Ap

1237 1826 2366 185 ſtodorum patria : in honorem Iuliae Augusti filiae Iulia

1237 1930 1738 158 dicta fuit. Ex Hieroymo, Vadiano. c

1074 2011 2529 167 91 Bethsur opp. Iudaeae a Roboam conditum, uicus est, qui

1223 2120 1558 148 Bethsoion appellatur. Ex Hieronymo.

1070 2223 2528 140 72Biatia Hispaniae Tarraconensis urbs, Baega dicitur. Ex Mun

1074 2300 2515 153 38 Bibacum Germaniae opp. Bibrach est in Sueuia. Ex Munst

1079 2372 2510 163 14 Biblia regio in Thracia, Tisare etiam dicta, et postea

1228 2467 2361 167 Oesyme: unde biblinum uinum diciudcuit Armenidas

1241 2557 2348 149 ſed Epicharmus appellatum credidit a Biblinis monti

1250 2652 2357 153 bus. fuit etiam Tisare Datinorum nauate, Antig

1291 2765 2312 130 le, et Antiſara quoq. dictum. Ex Athenaeo, Stephano.

1070 2814 2542 208 95 Bibracte Galliae opp. Deaulne est, Bray uè aut Bourca

1259 2923 1097 144 Ex Marliano, Roberto.

1097 2990 2194 163 76 Bioucum uicus in Gallia, Viuis dicitur. Ex Lazio

1074 3080 2533 176 77 Bicurgium Germaniae Ciuitas, Erſſort ost in Turingiant

1232 3198 416 108 Munstero

1079 3261 2533 162 7eHigerra Bastitanorum urbs in Hispania, Culmenarium anb

1232 3365 2384 148 alijs dicta, nunc Beiar, uel Begiar. Ex Beutero, Munstere

1097 3432 2515 181 79 Bilbis, et Bilbilis Celtiberum urls in Hispania Martialis

1250 3541 2357 175 Poetae patria, Calataiutana est, uulgo q. Calataiud

1313 3635 1025 167 x Volaterao, Munstero

1101 3703 2497 216 30 Bilitio, uel Vilitio opp. in Rhaesia, Belenzona est, t He

1246 3829 2357 185 torum lingua Beſtenite Vocabatur item Mesaucum, et

1277 3919 1630 172 Vallis Mesauca. Ex Merula, Ægidio

1110 3983 2484 221 81 Bingium opp. Gernmaniae in confluento Nauae, et Rhenma

1268 4100 1079 176 Bingen dicitur. Ex Latio

1101 4190 2502 158 8 Biracetum Æthrariae opp. Vicarellum est Alij uolum,

1255 4307 2352 149 carellum fuisse Vicum Aurelijs. Ex Volaterrano, Munſta.

1083 4375 2533 171 89 Biranis locus in Hispania natura ualde munitus, Peri

1277 4479 1201 144 cola uocatur. Ex Beutero

1110 4533 2502 212 81 Berginium Htrsteniae urtr, Bergn est. Ex Æto Hebrſiense

3458 4664 118 171 ſis
