3681 5350
593 597 2329 196 peio Magui patres ſed a Salodo Vngarorum Duci

629 722 2413 151 diruta annuo crtxI : et a Fiderico Æuobarbe ma¬

615 815 2387 143 le a Aecta. Ex Liuir, Asconio, Otthone Pisigense, Ria

615 905 1428 151 cbalodo, Bosio, Thoma Radino

361 1012 1124 147 128 pbeionius Italiae uronb

660 1078 825 130 lerobicus. Ex Anuio

1463 931 1566 223 t a Pleiona Itali uxore dictu, postea

383 1065 2686 241 127 Plescouia Sarmatiae ciuitas ab incolis Moscis dicitur pslcrm

727 1230 790 116 Matthia Sarmat a

406 1181 2619 272 150 Pleumoſi proputi in callia Bolgica, Flamingi ſunt prouin

638 1292 2355 210 cia ipsa uidetur fuisse Mempiscus, et Ruthilia, Flan

624 1391 2334 205 dria dicta a Nanidbert clodij Francorum Rigs Ex

611 1502 1557 214 ſoore nepute. Ex Iacobo Meyero

428 1538 2592 276 31plotae in Ionio mari Insula Cypaisiorum in peloponaesu

633 1631 2334 268 Strophades dictae a conuersione Zetis, et Calai Har¬

669 1729 2338 281 yas insecutora : nunc Striuali uocantur, aeltae a ue

638 1832 2364 272 ris ſacris quibuedam pauperibus. Apollonius omnes

642 1921 2409 268 Insulas communi epitheto Plotas uocat, quod ab undi

660 2144 468 156 fluctibus q⟨

1200 2019 1856 232 percutiantur. Ex Strabone, Plinio, Vauino, Boro

428 2113 2387 294 132 Poecilaſium Cretae ciuitas, peulale est. Ex Munstero

459 2251 2575 236 135Poetouir opp Pannoniae apud Ammianum, poetouium in

646 2304 2352 259 lapide antiquo, et apuo Antoninum : corrupte apud

678 2385 2382 285 pPtolemaeum praetorium, corruptè etiam apud Appiam

727 2527 1544 241 etouia, nunc pettauu. Ex Lazio

472 2581 2539 294 esepolemonium, et polemonius gn ponto polemoniuo opp.

704 2683 2325 255 olemone Rege dicitum, qui fut Augusti,et Antonis ten

2699 2777 335 129 Superatu

664 2786 1812 254 pnribus, uunc leon. Ex Varino, Munſtero.

490 2839 2526 290 35polentia Liguriae opp. arbi en. Plancus ab Antonioginte

633 2938 2418 249 Tecusq fpratuaqe. fuit, palenga modo dicitur. Ex Vol. Rr

624 3027 2441 263 polentia in Vbria fuit ubi nunc est templuni celebner

669 3169 1575 174 mum Sanctae Mariae a Laureto

2721 3165 402 147 straboni

481 3196 2142 285 198polichnium phrixi urbs Asiae in Iberia, Ideess,

669 3267 2387 268 teuporibus uocabatur, nunc Cessa. Ex Strab. Æma

477 3366 2601 280 137polidius regio prope Aulidem, Hyria postea dicta ab ap

709 3464 2235 249 pido, quod Hyrieus condidit, et a Seipso uocauit

709 3566 2052 232 qurabo Hyrrhiam Scribit. Ex Stephano, Varino

486 3615 2637 286 13epolur a Iudieae Ciuitas Caput Commari, uel Cumeri nun

682 3695 2387 295 dicitur : quoc alij putannt fuisse Comariam emporium

696 3856 1164 214 Ex Corsalo, Rhamnusio

495 3869 2623 317 159palyegus Iusula in mediterraneo deſerta, philocilus est, uerl

718 4021 1584 250 policamdrus. Ex Sabellico , Dondono

508 4043 2642 370 esopo lybianum pannoniae opp. Leybnicium uocautur in Styr

2614 4168 549 147 Volaterrana

852 4280 290 138 Lazio

504 4226 1954 290 itipobycnenmon Boeotiae urbs, nunc Serapha

530 4297 2624 353 epiomonia in Britannico oaeano Insula, chirchouallia es

2940 4449 205 152 pom

936 4498 755 183 Scotis. Ex louio
