3666 5350
660 610 2426 214 parcatia, et Caparcontia dicta : nunc uicus est acor

668 731 2378 178 tinens uix ſeptaem domunculas piscatorum : quod

682 824 2386 196 fore praedixisse uidetur Chrisſtus Deus. Ex Brocardo.

392 913 2685 210 62 Cape Aphricae urbs in Syrti parua, Tacape a plinio uoca

664 1056 1405 134 tur, nunc Capis. Ex Munstero

405 1092 2663 192 88 Capelatium, et palas Germaniae regio, Palatinatus est Pu⟨

686 1190 2369 187 pra Rhenum, uel Kappel, uel pfalzia, Nam paliz, et

686 1288 2462 192 pfaltaz palatium ſignificat, onde Paltegras, et Pſalo

700 1395 2377 187 pfalta grast, Comes palatinus, praefectus Sſcilice

700 1484 2444 214 praetorio, qui in Germania uices Imperatoris absen

691 1605 2011 182 tis gerit. Ex Auentino, Rhenano, Lazio

419 1680 2680 179 4 Caphareus, Caphereus, Capheleus, et Cathereus in Euboea

686 1796 2386 138 maritimus locus prope lintus, lutulentus, ſcopulis ri

700 1912 2363 143 pletus, et saxis ſub mare latentibus, et propterea

700 1997 2426 165 inacessibilis, et a uentihas nus quam tutus : in quem

700 2108 2453 161 facibus in promontorio impositis Graecorum naures

695 2193 2431 210 adodu xit Nauplius, ue naufragio Palamedis caedem

686 2296 2480 200 uindicaret. postea Sylophagos dictus qui ſecuniur

700 2429 2435 165 pilorim, et alios est mons Zarax a Zarace uo

713 2523 2440 165 catus Carysti fitio. Ex Ptolemaeo, Stephano, Isaacio, Van

486 2621 2640 165 85 Capinates Italiae populi fuere ubi nunc est Canapinum L

874 2724 1940 129 Pisanorum in Æthruria. Ex Volaterrano

490 2786 2591 187 16 Cappadocit prouincia inter Taurum montem, Armeniam,

691 2915 2444 152 Colchidem, Euxinum, Paphlagonicum, et Galatia a Cappa

700 3027 2439 156 doce fluuio uocata, diuisa fuit a Persis in duas Sa

704 3129 2475 170 trapias, quas Macedones Regna fecere, Cappudociami

718 3254 2430 152 proprie nominautes partem, quae uersus Taurum est a

718 3352 2461 165 lorgitudine trium milium Stadiorum, latitudine mil

731 3459 2448 165 le octingentorum : alteram panem dixere Pontum. ſui

718 3566 2426 161 quidem Cappadocia Caphthonus, Mazaca, Sareia

611 3687 2573 151 a Cataonia a parte quadam, Moga, Moscha, leuco

735 3802 2449 165 Syris, et Leucozyria dict a fuit : inde Cappadoces ips

731 3918 2422 161 a Graecis Leucosyri appellati fuere, ab Herodoto Syri

735 4016 2462 197 a Syro Apollinis ex Synope fili : quanuis Leucolyr

740 4137 2413 169 et Syri, eucosyria, et Syria proprie essent circa

749 4235 2439 201 Alym fluuium. Ab Iudaeis ipsi Cappadoces Moschi¬

753 4355 2435 170 m dici fuert a Moschin. Hanc prouinciam pestea

753 4449 2467 227 Reges in dicem prae facturas distribuerum : quinque

2952 4587 245 112 eram
