3698 5310
1235 469 2338 208 donidij constracta posteris Medonis pitni Archonti Mb

1240 584 2325 185 niensis : dicta autem a Meganoofilio Apolbinis, uel Repcu

1244 685 2294 177 ni, uel Ægaei : Nisaea olm a Niso Paudionis flio

1231 769 2342 200 ( paediois  legtur in Scholijs in Theocritum, et malig

1231 880 2338 173 poſtea Alcithoe, uel Alcamen, Euslidis Socraici patis

1235 977 2325 169 Strabo autem Nisaea a Megaris Separat : dici q ess

1231 1075 2338 168 Megarensium nauale 18 ſtadijs a Megaris distans, quol

1226 1177 2325 159 Minoa quoq. diceretur, quoniam fi portus a Minoa

1244 1274 2334 168 promonlorio. Sed Nisa etiam uoabatur Megarensiuo

1240 1385 2307 154 autem ditionem ab Isthmo ad Iytchicot porrectam fuisse :

1235 1486 2338 160 ait philochorus, Andron uero usq. ad Eleusinem, et can

1257 1588 2321 186 pum Thriasium. Ex Strabone, Velleio, Pausania, Stepha⟩

1257 1712 1962 164 no, Varino, Volaterrano, Oliuario, Munstero

1182 1809 2400 173 Megara mons in Galatia est, quem Modiacum Ruslus ap

1253 1902 288 155 pellat

943 2008 2626 213 71 Meguis Insula inter Pausily pum, et Neapolim, Megalia a

1244 2137 2343 190 Statio poeta appillata est, ubinunc est Oui Caster

1253 2247 2276 204 lum Outrin urbe Heapoli. Ex Plinio, Domitio, Iouio.

992 2354 2586 212 72 Megatichos opp. in montes inter Ægypicum, et Æthiopiam

1209 2486 1979 191 Arabes Æyrsonuocant teste Iuba. Ex Plinio

1000 2570 2573 186 73 Melan mons Scenitarum in Arabia, oreb, et Chorebd

1226 2672 2361 204 ctus, ab Iudaeis Agar, Sina, Sinayq. a Sina arbtr

1244 2765 2329 204 spinosa : ab Iuprino Sinaeus, Cassus item a templo

1240 2867 2333 195 Iouis Cassij, ubi pompei Magni aderat tumulus ab

1253 2955 2329 204 Adriano instauratus, nunc Turla : ubi legem Mo

1240 3057 2347 208 a Deo datam Scimus, et Catherinam uirginem Aley

1240 3150 2347 226 drinam ab Angelis Dei ministris Ssppultam. Ex Dicio

1240 3252 2351 226 paulo, Plinio, Ptolemaeo, Capitolino, Buccatio, Varino

1248 3380 1263 164 Munstero, odoatre Barbessa

983 3433 2608 266 74 Melibocus Cacthorum ntons in Gernania, Ratzenelloea

1217 3562 1147 190 bengen dicitur. Ex Lazio

1018 3655 2564 221 75 Meliboea Thesaliae urbs, philoceta, et oligom postea ap

1217 3787 2339 177 pellata, quòd parutum populum haberet. Thesali

1217 3911 2321 137 enim paruum Oλizor dicuutt. Ex Stephano, Varin

996 3969 2569 217 76 Melitara Macedoniae ciuitas, Melitraea est. Ex Castaldo

996 4066 2604 230 77 Melite Insala Aphricae adiacens, Carthaginensium Colonia, Eei

1209 4190 2364 261 M p. distans a Sicilia, ſub Bacto Rego Alonae Didon

3135 4234 155 115 lnna

1226 4314 2334 279 ſorois hostite olin pesita : Iunoris, Herulisa. tenplis

3441 4535 75 93 ar
