3595 5350
1529 606 353 156 primus

2609 597 111 147 8

892 664 2399 245 nriam, et eorum regio uocabatur Æthicia gens era

883 811 2301 196 absq. conſilio, barbara, et latrocinijs dedita. Ex

593 998 2703 183 87 Æthiopia prouincia in Apbrica ab Æthiope Vulcani filio, olis

856 918 928 165 Stephano, Varino

878 1132 2386 174 Ætheria, et Aelantia longitudine 170 M. P. latitudim

883 1243 2417 165 297 M Populi Higretes a fluuio, quem Nigretum Dio

874 1364 2395 165 yſius appellat, Nubae, et ab Apollodoro Nubaei dicuem

865 1462 2457 160 tur, qui Nomades fuere apud Nilum a Merö̀ incipien

869 1555 2364 161 tes, usque ad Ancones Nili partem ſic uocatam. Chu

874 1671 2404 170 ſaei etiam nuncupati a Chuso Ham filio, Pagenae quoqp

869 1783 2373 160 quos Petronius ex equestri ordine Augusti temporibus in

878 1890 2351 160 aasit. Nunc Nigritae, et Abyssini dicuntur Nigrita

878 1992 2369 192 Rahomeis legem obseruant, Abyssini Mosis, atq. cbr

856 2131 2359 156 ſiget Regi parent. Ex ſirpe, ut aiunt, Salomonis

878 2224 2364 183 Iudaei. Æthiopes autem Hesperij ſunt qui Guineae,

860 2345 2391 205 Gambrae, et Senegae Regna tenent : uel potius popu

865 2456 2355 214 li Pangelungi uocati in Regno Congi. At Æthio

860 2563 2355 223 pia ſub Ægypto, nunc dicitur Zanquebar, et populi

802 2710 2418 201 zanguini a Persis, et Arabibus in eorum libris. Ex

842 2839 2436 197 Strabone, Iosepo, Plinio, Stephano, Varino, Munster

829 2960 2279 187 trancisco Aluaeetio, Ioanne Barroso Lusitanis

584 3022 2680 223 38 Æthruria urbs Tyrrhenorum in Italia, Æthruriae olim metro

842 3129 2409 214 polis, Viterbum est : quam Villanus Florentinus Vegen

798 3218 2404 228 tiam appellatam ſcubit, a Romanis conditam. Anneuas

798 3339 2462 209 uero Viterbiensis Volturniam, Vetuloniam, Veiuzan

820 3473 2422 218 et populoniam nuncupatam ait. Sed Vetuloniam a

820 3597 2369 219 lij putant nunc esse Massam in agro Senensium

829 3736 2422 205 alij Orbitellum, et Viterbum fuise ſanum Voltur

820 3883 2213 187 nae. Ex illis, et Italicarum Vrbium declarationo

557 3950 2779 276 89 Æena mons ardenis in Sicilia ab Æena dictus Caeli, Terraea

816 4048 2502 263 flia, uel Briarei unius ex Cyclopibus, quae, teste Simto

829 4177 2386 205 nide, Siciliam Cereri adindicauit litem pro ea Insc

834 4271 2493 227 a facienti cum Vulcano. ſub quo monte Gigantes

820 4382 2476 250 ſepulti dicuntur, nunc appellatur Bolcae, et Mongi

811 4498 1771 201 telus. Ex Varino, Munstero, Toserte.

3024 4676 263 188 Æto
