3595 5350
869 659 2186 237 ctra dormire poterat : a quo ſcopulo dicitur

753 753 2529 267 Ægaeum mare inter Cycladas, et Athenas : uel ab Æg

909 882 2373 232 TSesei patre, qui, ut ait Nicocrates. ſe ex Acropol

900 954 2400 263 n mare hoc praecipitem dedit : uel ab Ægaeone Bri

883 1092 2422 218 reo centimano, qui huius maris Imperium obtinuit

874 1208 2319 236 uel certi ab Ægis oppido Euboeae : quod quidem

874 1337 2395 254 mare Arcipelagus nunc appellatur. Ex Homeros

860 1453 2355 232 Strabone, Plinio, Varino, Volaterrano, Bordono

713 1582 2525 214 Aga item, uel Ægatis mons Æolicus in Asia ab Æ⟩

856 1689 2386 228 gieo mari dicitur, ad quod uergit : postea Cane

851 1819 2476 218 et Canae appellatus: Inde uero, ut arit Sappho, huictua

838 1921 2462 219 montis promontorium Æga uocatum fuit, reliqua

807 2032 2520 237 uero partes Cane, et Canae. Ex Strabone, Stephani

521 2099 2842 290 36 Ægaea Macedoniae ciuitas a capreis dicta, quas ſecutus,

860 2260 2338 209 Caramus urbem cepit, quae prius uocabatur E⟨⟩

865 2349 2466 276 ſa, a Stephano Ægae, et Molobotera : in qua era

838 2478 1459 192 Regum Sepulchra. Ex Plinio

530 2581 2775 276 57 ÆAgathes Aphricae Insula in mediterraneo, ubi q. Lu

869 2728 2458 236 tatius Catulus Himilconem Carthaginiensium Ducer

851 2813 1731 236 ſuperauit, nunc Gozo. Ex Hermolao

535 2915 2721 272 18 Ægialea Insula inter Cretam, et poloponnesum, Antia

838 3049 2458 285 thuria, Epla,et Egira dicta, nunc Cecerigo. Ex Soph

512 3160 2561 290 59 Ægialos, et Ægiale oppidum in peloporineso pro

3131 3281 191 129 no

825 3321 2471 276 pe Corinthum, ab Ægialeo dictum, qui terra genitu

829 3428 2471 303 ibidem primus comparuit : postea Sicyon ex Regis

834 3575 2417 308 nomine, quem ex Astica ascitum Lamedon Sib

847 3682 2453 379 generum optauit, filia Zeuxippe illi tradita. Me

847 3865 2351 303 on etiam appellatum, Mecone, uel, ut apud He

838 3976 2364 321 iodum est, Mycone, Demetria, et Telchinia pro

820 4110 2444 321 ter Telchinas ibi existentes : nunc Basilica. A

825 4248 2489 321 gialei ipsi Halnyrides quoq. uocantur, et Iubditi erat

811 4395 2395 281 Argicis. Ex Strabone, Pauoania, Stephano, Eusta

780 4525 946 156 thio, Varino, Iouio

1534 503 357 192 primus

2582 579 134 152 5

2997 4667 290 219 Aga
