3681 5350
535 512 1968 263 ſanium, Ei,fuuinuodniuniur,. Ex Beuio

298 677 2396 205 33 Bipacurtia Htispaniae opp. Ribagontia est. Ex eodem

321 775 2663 192 39 Riſinum oppudum Dalmatiae a Romanis conditum, Rhigon

544 873 2382 152 a polybio ex flumini nomine dictum, a pliuio Rhizin

557 958 2423 138 nc Cathari uocatur a Volaterrano : inde Rhizo.

562 1038 2351 143 nicus ſinus, qui est Gulfus Ludrini apud Bordoncm

566 1123 2405 165 Ego uero crediderim Cathari uocatum olini fuisse

593 1226 2302 169 Ascrouium, Risinum atite esse Risanum oppudum

660 1284 2284 187 Cathari non multum remotum, ab Aroidino Æ¬

562 1391 2436 182 nobarbo alassis Turcicae prefiai captum cnno is55

593 1475 2360 174 Cathari intrepide tuente Ioanne Matthao Bembo

584 1613 933 156 PVaclariſsimo uiro¬

356 1622 2678 259 410 Riusiaua Germaniae opp. cengen est in Sueuia. Ex cast Bo

370 1716 2592 263 1 Roma urbs Hispaniae a Rondo Rege condita, a Cn. Sa

615 1845 1888 179 prione auicta, Valentia dicitur. Ex Beutero

272 1890 2757 245 N0 M AM urbem omuium, quae in orbe ſunt, fuereq. prae

593 1992 2405 197 clarissimam, alij a pelasgis conditam dicunt, Valentia

602 2090 2427 197 nuncupatam : alij ab Ænea, et Troianis : alij a Lari¬

597 2175 2414 205 no Rege. Pleriq. a Romo, quem Antigonus louis f

611 2242 2365 227 lium dixib, Xenagoras Vlyssis, et Circes : Cephalus

597 2340 2329 219 Gerzithius, et Apollodorus Æneae, Callias Latini¬

611 2407 2360 259 Dionyſius Chalcidensis Ascanij, Alcimus Albae : ab

611 2496 2418 232 omures Martis, et Rheae, quem et Romulum appellat

615 2594 2414 259 15 olympiadis ſextae anno tertio XI Cal. Mai ham

615 2697 2414 249 urbem primo condidic quadratum in monte palatino

624 2782 2356 267 ubi fuit palantium Euandri. In qtia quidem urbe

624 2893 2401 245 mille tantum fuere domus, et quatuor portae. prima

629 2982 2391 259 Mucionis a nuigitu pecudum dicta, Trigonium à Ver

642 3076 2409 236 rio Flacco appellata a tribus arpuilis : altera Roma

642 3174 2405 223 uula a Roma : tertia Ianualis ab Iano, quae. Numa

638 3254 2396 236 instituto tempore tantum belli patebat : et quarta

638 3321 2449 272 Carmentalis a Carmenta matre Euandri  Saeleran

642 3432 2360 250 ta eadem dicta, Tarpeta, et Veientina, qua tre

646 3508 2379 263 centum Fabij egressi ab Ætlruscis fuere interfecti

691 3620 2360 254 Tantula fuit urbis orbis Reginae origo T poste

700 3695 2334 263 Tatius Sabinorum Rex addidit Capitolium : Coeliu

664 3794 2370 249 montem aut Tullus Hostilius, aut Ancus Martins

673 3896 2289 241 aut Tar quinius priscus, in hoc enmim dissentiuneo

660 3994 2396 232 inter ſe grauissimi auatores. Ianiculum certe addidit

682 4092 2360 245 gncus Martius. Viminalem, quirinalem, et Esquilia

682 4195 2347 241 Seruus Tullius. Auentinum D claudius, campum

1490 4360 1615 218 Vaticanum leo euatus pont Mex

731 4480 513 170 nus Mag⟩

2913 4485 147 147 indi
