3698 5413
1300 545 208 131 tur

1684 559 361 131 saacio

1038 559 2551 225 57 coroasnins in Aenenia caepas Iurs, ab Euselio aqpi

1273 735 2312 144 tur Arath, ab Iudaeis Ararath, a Chrlidaeis Kardusa

1286 843 2308 144 Beroso Miryada, a Curtio Cordei, nunc Mons albius⟩

1291 951 2289 158 in quo ſtetit arca Noae post diluuium : et eius aru

1286 1019 2294 207 quaedum frusta tempo ribus Hietonymi ab incolis

1286 1127 2290 217 adhuc ostendebantur in miraculum tantae ri. Ex in⟩

1286 1249 1436 221 Bucatio, Eugubino, Munstero

1052 1276 2533 280 58 Gorditanum promontorium non longs ab Herulij Ha⟩

1268 1466 1752 184 la, nunc  Falcmis dicitur. Ex Iouin

1070 1551 2506 199 59 Gorducome appellatur uicus Bithyniae, quasi Gordrs

1273 1650 2312 194 lcas, unde fuit Eleon praedonuse princeps ; qui uica

1277 1754 2303 212 augons, cuitatenm fecit, quam Ialcopolin appellaunit a

1282 1899 745 153 Strabone, Plinio

1074 1912 2511 212 60 Gorduni Bellae ſub Heruioruum Imperio, Cantois

1146 2065 1630 158 Gallis appellantur. Ex Martiano

1070 2115 2510 221 61 Gormanum Iazygun opp. Clesenbur, ests. Ex Munſti

1061 2259 2515 185 6t Gortyn, et Gortynia Cretae urbs a, Gorgyeo Hece¬

1232 2359 2353 194 olim Larissa, et Cremnia, nunc Cortina. Homera

1241 2471 2344 176 Gortynaeos appellat, alij Corystios, alij Cartenida

1214 2571 1594 162 Ex stephano, Varino, Munstero.

1065 2629 2520 194 65 Graea Boeotiae urbs apud Homerum à Graea Mole

1201 2742 2375 194 nis filia ; a Strabone poemandris uocatn fuit, a

1241 2859 2353 190 lycophrone poemandria, a Lactantia Statij interp

1246 2972 2334 185 te peoperam petanoria pro poemandria, ab alijs

1264 3089 2316 185 nagra, uel, ut ait Gallinichus, Tanagraea ; postea t

492 3144 578 144 Xet lepntar

514 3193 3066 149 atii Adrasto ib, baice, nunc Talandi : quam tanen Srphianus olima

505 3297 3075 189 agatuum ſaerifiuntese Atalanten Suib Sed Plinius Atalanten Insu

510 3383 641 112 eoagnum ipsum

519 3410 3061 189 pueric rx sauriſto tradidit esse terraemotu ab Euboea euulsum. Ceb⟨⟩

1232 3509 2344 180 tamum Aristoteles Graeam Homeri ese Oropum, Ste

1250 3649 2330 153 bo nero esse pope Oroptum Cius Tanggraei ne

1259 3739 2321 176 cntuto et aephyraet etiam. Ex illis, Stephanoi a keest. cpuo

1002 3816 2556 207 15 Erampius Britanniae mons Granzebain est in Scotai. Ex Snta

993 3919 2587 203 65 Grastillus Macedoniae Ciuitas, ab Euripide dicitur prastillbes

1241 4032 407 131 Stephano

988 4064 2597 239 66 Grauionaium, Gerauniae Cuitas Banberga et. Ex Mustua⟩

988 4168 2583 243 65 Grudq Galliae populi ſub Heruijs, ſunt Louanienses : uel hi fei

1006 4258 470 270 ſoaduen

1232 4294 1657 180 re Leuaci. Ex Marliano, Glareano.

1471 4389 2105 203 paniae : populi in Tarracdnensi, Granij, et Grons
