3698 5413
1219 649 2343 221 ocopthene, ncoe ſtuios iueta uudocam paltudem, Do

1264 802 1255 127 nunc appellatar. Ex Munstero

1061 852 2515 180 114 Bouysthenis, Insula in Moesia contra Axiacum, Fdonisi et

1273 947 542 122 Ex Bordono

1079 1005 2460 190 115 Basporion portus Byzantiorum, ab incolis phophrium lictus, q

1282 1145 2271 131 cum urbem obsideret philippus Macedo, et cuniculos clanculi

1286 1235 2272 154 fuceret, Hecate ocoo Irigas, Slendensq. eos noctu Byz

1273 1357 2266 140 185 ostendit, unde ipsi remelium pararcus, ſiiq curbs

1322 1429 1278 145 initus conſeruata. Ex Stephamo

1083 1447 267 163 116Bog

1341 1475 2217 180 ra Legio in, Arabia petraea urbs, philippi Caesaris ,p

1259 1578 2271 131 tria, ab eo Pilippopolis uocata fuit. Ex Zonara

1070 1655 2506 180 117 Eouillae Latinorum opp. in Italia, EBabuccum, uel Beg

1259 1768 2168 126 buca est. Ex Blondo, Declaratione crbium Italiae.

1070 1858 2497 144 118 Bracar Augusta Hispaniae Tarraconensis opp. Bra

1268 1962 1806 117 riorum, Braga uocatur. Ex Munstero

1110 2016 2429 144 119 Brachodes Aphricae promontorium, Monexi est. Ex eodem

1092 2106 2407 158 120Aracia in Illyrico Insula, Braicia dicitur. Ex Bordono.

1092 2196 2475 167 12 Aragodurum Rhaetiae opp. Roccenburg est. Ex B Rhenan

1092 2264 2452 180 12 Braraapus Galliae Ciuitas, Barramon uocatur. Ex Lu

1083 2354 2484 185 123 Brannofdicd, Galliae populi, nunc incolunt Morianaru uallt

1246 2449 695 104 Ex Marliano.

1101 2467 2461 185 24 Bratum Murbogorum opp. in) Tarraconensi in Hospa

1255 2584 2330 163 Burgos est, eadem quae olim Maspurgis, Auca, Cent

1246 2692 1932 149 et Liconimurgis. Ex Mario Aretio, Munstero

1065 2765 2524 158 125 Bregetium pannoniae opp. ubi olijt Valentinianus Caes

1232 2864 1418 122 Banhida esse creditur. Ex Lazio

1038 2936 2547 190 126 Bremenium Britanniae urbs otadenorum, Bermicium, ued

1246 3022 1305 171 Bernic dicitur. Ex Polydoro.

1038 3098 2542 172 127 Brentium Messapioram opp. in Italia, Elaphi caput poster

1255 3198 2199 171 pellatum fuit, ut Selecucus Suribit. Ex Stephano.

1020 3279 2569 189 128 Bretina Bechunorum urbs in Italia, Brintum a Plino

1210 3401 1666 112 dicitur, ab alijs Brindes. Ex Munſtero.

1047 3482 2538 153 129 Bretolaeum Celticoram opp. in Hispania, Britium nuc

1228 3590 2104 140 uocatur, uel Briytum. Ex Noberto, Munstero

1047 3640 2515 189 108 euconagus Triboccorum opp. in Gallia, Brunp uult

1205 3766 939 126 dicitur. Ex Munstero

1065 3825 2515 185 18 Bridiscani Hispaniae populi, Bridascani ue, Viridastan

1201 3965 2375 153 a Plinio dicti, Briuiescani ſunt a Briuiesca oppide

1210 4037 2384 171 Autrigonum quod plinius Virouescam, Ptolemaeus Ee⟩

1214 4122 2380 199 B ururs c am appellauuit. Alij credunt Briuies cam fui

1219 4253 2370 176 Brigaecium : Sed hoc oppidum Brigaecinorum est, et urmn

1219 4366 2375 158 go dicitur Duiedo. Ex L. Margineo, MunsteNo, Castado

1029 4456 2565 217 10 Brggantes Britanniae popui, fuee ubi: nunc est Ganſons
