3681 5350
655 530 1285 236 ſtrpraum na Vansairuo

401 686 2610 183 38 Martialis pagus in Gallia : Violascensis postea dictus

660 824 642 103 Ex Sidonio

419 820 2606 223 49 Maninopolis Germaniae urbs inhonorem Martis dicta

655 958 2392 210 Merseburg, uel Merburg est. Ex Othone Fisigense

660 1096 723 161 Ænea Syluio

455 1136 2543 214 50 Martis castra opp. in Pannonia apud Amanum

664 1252 2334 192 ab Iornande Margoplanum uocatur, nunc, teste

664 1364 2428 196 Lazio, Marotha cdconfluentes Bogathiae, et Val

669 1506 794 130 conis anniun

477 1524 2499 192 31 Massa Libyae fluuius, Masatat est. Ex Munstero

450 1627 2530 183 32 Massalia, uel Massala Cretae fluuius, Mesauo dic

669 1738 1695 165 citur. Ebx Plinio, Ptoleaeo, Robert

597 1792 2428 209 Massalia Galliae urbs a phocensibus: condita Roma

673 1921 2361 201 regnante Tarquinio pprisco : Sii q. dicta a puioai

682 2028 2285 219 et αλ1cσ, quod phocensium nauis gubernatorr

696 2153 2275 183 pisaator uiso iossert, nauim terra religari ycit

700 2247 2334 200 Timaeus ait : a Latinis Massilia appellata, nunc

704 2331 2347 232 Marsilia, unde huanitatem, agui, ingenij q. cul

691 2438 2392 219 tum, et leges accepere Galli. Ex Cicecone, Iustino

704 2608 906 165 Stephano, Roberto

1838 2572 517 138 ro anuos luio

495 2648 2458 223 35 Matiscona Galliae urbs, Macon est. Ex Martiano

499 2746 2530 218 34 Matrinus Piceni fluuius in Italia, plumla nunc esste

682 2839 2396 250 Iuhoc, fluuio fuit nauab Adrianorum uoc atu

700 2964 2213 223 e ipsum Meatrinus. Ex Strabone, Munstero.

486 3049 2556 218 35 Matrona Calliae filluius Celtas a Belgis Separans

709 3178 1267 179 Marne estt. Ex Martiano

504 3232 2547 236 8 Mattiam, et Mattiacum Catthorum ciuitas praecu

696 3325 2355 228 pua in Germania, Madburgicuui dicitur in Hes

700 3486 821 174 ſia. Ex Lazio

504 3495 2637 263 37 Mauritania, uel, ut Graeci dicuul, Maurtsia procuncia Aphr

691 3602 2441 245 cae 840 M. P. longitudine, 47 M Laticudine ab Oocea

700 3713 2441 214 no Atlautico ad Ampsugam dupbx est : altera Tingita

704 3820 2454 214 na, Sitiphensis q. dicta, nunc Habat : alera Caesarie.

713 3941 2428 191 ſis, nunc Telesin : In quam quidem Mauritaniam

713 4048 2365 187 Hercales olim adduyit incolas ex Iudia : postea Medi,

722 4164 2445 173 Armeni, Persae, et phaenices accessere, a Graecis Man

713 4271 2419 169 rusij dicti,a quadrato Mari, a Romanis, et indigae

718 4387 2351 156 nis Mauri, Bochi comnouni nomine a Boccho Rega

704 4480 2450 187 nunc Mori. Ex. Salboo istrabone, Plinio, Stephans, Ar

3011 4618 89 121 no
