3681 5350
910 633 2302 187 tonitis fnit. Ex ipso, Veleio, Srratono, Plinio, Ptutartho

629 775 2596 196 17 Vtidaua Daciae urbs, Vtuarhel est in Transyluania. Ex Lais

972 722 1026 142 unstero, Horano Nhucula

629 887 2619 151 113 Vulnetia opp. liguriae Vernacula, et Vernatia dicitur. Ex Blond

620 962 2690 174 114 Vulturrium Italiae opp. ad Vulturni fluuij oſtia Romanorum Col

892 1056 1753 174 nia, Castellum a mare est. Ex liuio, Blondo

633 1056 594 196 115 Vxana

651 1243 830 197 116 VXxela Britann

910 1230 2320 174 mo dicta inunc Osmes, uel Osomes. Ex Marineo, Munſtero

1293 1159 1986 165 gullae Areuacar um urbs in Hispania, Vruma a

923 1377 594 147 uel. Ex Munster

1566 1350 1726 143 opp inter Dumnonios, iam est Hrekchornu

660 1435 2592 187 117 Vxelum in Britannia Selguarum opp. uulgo chestre appellantur

664 1573 2637 192 118 VXentum Salentinorum opp. in Italia, Ogientum est in Apro

892 1542 955 120 et Cestria. Ex eodem e

682 1747 2606 187 19 Vxi persidis populi ceduntr a Volaterrano, et a Cuspinia

905 1712 1450 111 lia. Ex Declaratione Vrbium Italir

892 1859 2360 165 esse Cingali, qui per Europam uagantur : Alciaus ue

887 1934 2379 188 hes Cingabos Sclauos origine esse tradit, alij Iazigao

642 2082 2476 218 120 ylina Cappudociae urbs, Setina nuncupatur. Ex Munstro

887 2086 496 120 Metanastas

664 2202 2570 169 12 Laba Lestarum urbs in India extra Gmgem, Cingapura

887 2336 741 142 dicitur. Ex Bomoso

682 2349 2619 219 1226 acynthns Insula in Epicoa Tacynho Dardani fili, Hyrie olum

870 2452 2413 187 dicta qnunc Zantus, XXXVI M. p. ambitu, uel XX M. P. ui

874 2599 1580 133 aì Strabo. Ex Plinio , Stephano, Munſtero

847 2643 2445 179 Lacyuthus urbs in Magna Graecia, Croton, et Gotone appe Ilar

901 2737 2378 156 a Crotone Laurae filio, uel murito, quae Laure ſuit Laci

896 2831 2401 151 tij filbiae : urbs inter alius propter felicitatem celebris, unde pro

901 2938 2378 107 uebium facum Vanas alias urbrs and Gotonem comparatas

901 3009 1838 116 Ex Scholojs in Theocritum, Isaacio, Varini

896 3085 2178 151 acuthus in Libya, Tacynthia quoq. dicitur. Ex Sephno

651 3169 2217 130 123 Laliscus Galatiae fluuiu, Amnias est. Ex Munstero

629 3267 2668 143 12 4 Larmigethusa, uel, ut Rhnanus legi, Tarmiqza Dacorum re qi

861 3348 2351 142 Vlpia Traiana uocata a Traiano Dacis, eorumq. Rege

870 3446 2436 142 Decebalo uictis , nunc Cron, uel Gradisca, uel Varhel in Va

874 3522 1107 133 lacha. Ex Munstero, Lazco

664 3611 2633 147 tusLaela Thraciae opp. Romamorum Colonia, Flauiopobis postea

874 3700 821 134 appellata. Ex Plimio

651 3776 2677 138 120 Teles colonia Romanorum in Hispania, translata in ulterio

847 3883 1999 129 re ripa Tagi, et Iulia ioga dicta. Ex Strabonr

642 3958 2664 157 127 Lengiza promontorium Æthiopiae in ſinu Barbarico, nunc

847 4070 1696 103 uocatur Guardafunti. Ex Andrea Corsalo

651 4128 2632 165 128 Lephyria, Zephyra, et Zephyrium Cariae urbs regia, Istdmus

825 4230 2472 130 dicta, Halicarmassus, Anthes ab Anthe Toezenio, qui eam i

838 4324 2450 112 coluit, nunc Cosmeti : ubi fuit Mauseolum ab Artemiſia cono

847 4400 2445 192 tum Mauoeoti Hesis ſororeret uxore Herodoci patria, He

71 2871 85 116 nta

80 3009 85 138 eo

75 3111 85 121 So

89 3218 62 134 b

84 3343 85 107 O

75 3464 94 124 ſer

80 4284 94 111 Iui

3127 4525 72 107 u
