3840 5310
1169 557 1940 190 Sigo est, uel Cubelses. Ex Oliuario, Ruberto

837 685 2741 186 202 Succasani populi Italiae in Campania, etiam Lirinates u

1169 809 837 137 cuntur. Ex Plinio

859 862 2710 177 uo3 Sucidaua Moesiae opp. Galubatium fortasse est, ubi Sigis mubu

1186 964 2383 177 Caesar pannoniorum Rex infeliciter pugnauit cun Me

1195 1075 1670 146 honete Turcarum Rege. Ex Lazio

881 1146 2702 181 noq. Suceon Hispaniae fluuius, Xxucar, chucarue, aut Chucarus

1186 1252 1462 141 est. Ex Mario Aretib, Munstero

921 1323 2639 177 205 Sudini Germaniae populi prope Marcomannos, et Daumr

1200 1438 2352 150 in Bauariae ea parte ſunt, quae nunc dicitur Sueneg

1209 1531 660 146 Ex Auemino

907 1535 2680 235 206 Suessiones Galliae poputi inter Belgas, Vessones aptilei

1191 1690 1869 164 maeo dicti, nunc Soissons. Ex Martiano

894 1783 2702 190 207 Suenus Germcniae fluius, Zuenus est, uel Spre, aut SOp

1195 1880 2361 182 ua : a quo Sueui populi uocati, quos Augustus uu mi

1217 1982 2352 195 ſcerent ad Rhenum adduxit, Drusus cno prius ab dica

1217 2093 2352 177 no Germanico ubra Albim promeurrau. Ex Strabon

1209 2203 2090 164 Suetonio, Beato Rhenano, Matthia Sarmata

943 2287 2631 191 208 Sulga Galliae Narbonensis fluuius, Sorga est, a petrae

1231 2385 2321 194 insigni poeta Æthrusco colebratus. Ex Strabone, a

956 2504 2613 168 209 Sunium promontorium in Attica, Caput Columnae dicit

1213 2619 1174 142 uel Strues. Ex Oliuainr

947 2677 2636 194 210 Surentum picentinorum opp. in Talia, Syrentium, et a

1240 2805 1909 142 centum a Stephano dictum, nunc Sorento.

978 2876 2613 181 211 Susa urbs in prouincia Susiana Persidis partr, condit

1248 2973 2348 182 ut Latini credunt a Dareio, ut Graeci a Tithono A

1248 3084 2339 163 nonis patre, uel a Memnone ipso, unde et Mem

1262 3172 2325 173 nis urbs dicitur ettnbitu CXX ſtadiorum, et Memn

1262 3278 2329 155 nion eius arx : a lilijs q. uocata, qui copiosi in et

1262 3385 2325 124 regione ſunt, et a Barbaris Susa dicuntur : nunc

1266 3442 2339 173 pellaitur Sapha. Incolae nuncupabantur Susij, et Cisst

1266 3540 2343 177 Memnonis ipsius matre, quam Cisiam appellat Æschyl

1266 3646 2361 137 uel Cissiam, ut est apud Strabonem. Ex Strabone ip

1271 3743 1040 177 plinio, Stephano, Ioui

1023 3805 2608 199 2e2S yagrus Adramitarum promontorium in Arabia felici, ,

1293 3924 2033 173 put Roscalgate uocatur. Ex Ioanne Barroso

1031 4004 2587 204 28 Sybaris Italiae urbs a duectore coloniae dicta, quem ta

1275 4101 2352 195 men Strabo Iseliceum appellat, uel a Sybareo fl

1284 4194 2347 191 uio uocato à Sybaride fonte Achaia : a Crotoniatis e

1293 4287 2329 191 leta, et ab Apheniensibus propinquo in loco instaura

1302 4376 2307 212 Thurium, Thuria, et Thuris uocata à Thurio Po
