3681 5350
642 597 2365 165 chus focit in libro de Italia : ab Iouio Lainus uocatur

655 731 1781 129 nunc Sapris. Ex illis, Plino, Collenutio.

374 806 2686 148 33 Laus pompeia urbs Italiae in Gallia Togata a Bois con

660 918 2440 120 dita, uel a Pompeio Strabone Magni patre, a Merio

673 998 2441 129 lanensibus euersa, a priderico Ænobarbo instaurati

678 1087 2048 125 Lodi est. Ex Plinio, Ricobaldo, Volaterrano

414 1177 2624 129 34 Lebda Palaeftinae urbs, Lobna ab Hieronymo uocantur

419 1275 2664 156 35 Lecheus portus in peloponneso prope Corinthum, San

660 1399 1503 130 cii Demetrij appellatur. Ex Iouio

419 1426 2637 196 36 Legio Secunda Arugustae Buitanniae urbs, Leslierd dicitur

687 1569 740 120 Ex Munstero Sa⟩

468 1591 2534 214 37 Legio Traiana in Gallia Belgica, Cnfluentia est

664 1707 2441 192 tam in illis Locis legionis Secundae, et Traianae ſta

687 1841 1401 151 tiua fuere. Ex l eodem Happ.

477 1881 2628 223 38 Lemanus, uel, u est apud Strabonem, Lamennus Ger

696 2001 2400 192 maniaeu lacus, perliusm Rhodanus fluit, a Lemano

709 2117 2423 205 Rege dictus, uel a Manrio, Gebenensis, et Losanensis

678 2255 2436 188 ab oppidis appellatur, ublgo Loxanae, et Zannae. Ex

682 2380 1722 161 Sabellico, Martiano, Ionnne Boemo.

495 2443 2632 227 39 Lemnus Insula in Ægaeo XVII M. P. ambitu, Ætha

691 2585 2432 183 lia etianidicta fuit, quod, ut Sccibit polybius in O8

700 2697 2454 169 Historiarum, thiatus haberet, ger quos ignis erum

713 2804 2338 192 pebat : Acesa quoq. quod pheloctetes ab hydri

700 2924 2418 187 morsus Sanatus fuerit terra ex ea Iusula. Dipolo

709 3036 2396 191 cognominata, quoniam dnais urbes daberec Hephaesti

655 3147 2445 205 ai, et, Myrinani, ut Hecataenis scuribit in Europa. Nuna

428 3214 196 152 eprin

263 3254 2806 236 tis ∧br Iusala urocatur Stalimene, ex qua fuit Glaucus

718 3388 2378 214 ferruminationis inuentor. Iesam tenuere Thraces

731 3513 2401 196 Sapaei appellati, Sinties ab Homero, quiod prini, ut

718 3651 2427 187 ait Hellanicus, fecere arma, quibus milites utuntur

722 3776 2285 200 in bellol a Oircasa itaq. uocere ſcilicet, Sinties

749 3874 2276 218 dicti, uel quod piratae erant, unde Lemnia mala

736 4021 2396 205 pouerbio dicuntur. Ab ipsis et Insula Sinteis quo

736 4132 2400 214 appellata fuit. Ex polybio, Plinio, Stephano, Vurino

745 4266 1575 196 Hermilao, Vrino, parhasio

490 4346 2570 241 40 Lemouicdis Galliae populi in Aquitania, Limuici a

762 4440 2379 259 Ptolemaer dici, nunc Limosini a Limogen oppdo

2935 4569 192 183 quo
