3698 5413
1255 627 2293 198 ſicat congelatum Cimbri urcnnt Morimarusam hac

1264 766 2312 145 mortuum mare : nunc appellauur Mare congelatum,

1255 861 1788 149 Gelaciale. Ex Plitio, Bordono, Munstero

1011 938 2565 176 30 Deuelton Thraciae opp. cum Stagno, Deultum et cccuntr. Ex

3250 888 267 126 uocaturs

1020 1042 2560 184 31 Dia Cycladum una apud Homecum, ab Ioue dicta impe

1241 1127 2348 185 faciente contra Titanas. Dionysiais cocata, quòd ibi

1250 1235 2326 172 Bacchus natus, nutritus q. fueric : Sicilia minor pre

1246 1344 2330 167 ter fertilitatem. Callipolis etiam, Strongyle, et. Nep

1250 1443 2330 176 a Naxo Endymionis filio Carum Duco, qui eam ten

1246 1569 2330 140 runt : nunc Nixia CXX M. P. ambitu, ferè deſenm

1255 1655 2316 167 in qua Theseus Ariadnam Minois filiam raptam

1237 1763 2343 172 quit Bachi uolutate. Ex Plinio, Scholijs in Theourin

1250 1862 1129 176 Bondo Landino, Bordono

1024 1935 2565 189 32 Diabate Insu a prope Sardiniam, Herculis nuncupatar

1223 2074 1513 158 nunc Asinaria dicitur. Ex Iouio

1033 2133 2534 194 33 Diablintres Galliae populi l fuere urbi nunc est Leons

1232 2232 1739 181 in Britamiae Ducatu. Ex Martiano

1038 2305 2551 239 341 Diachersis Aphricae castellum in Cyrenaica, Carcorella nt

1043 2512 2546 239 35 Dianae opp. in Vnelia Liguriae nalle, Dianium est Ex⟩

1219 2431 1950 180 tur, uel Carcora. Ex Munstero, Castaldo

1029 2683 2565 267 36 Dianae templum in Italia, Cinthianum est, ſub Columna

1237 2625 1761 203 bus M. P. a mari distans. Ex Blondo

1219 2805 1223 190 ſibus oppudum. Ex eodene

1047 2913 2529 222 37 Dianium Hispaniae opp. a templo Dianae uocatm, qu

1219 3022 2352 257 Sertorius usus est receptaculo, Ateimus deist : Ex

1232 3144 908 166 Strabone, Beutero

1074 3198 2493 239 38 Bidattium Sequanorum opp. in Gallia Belgica, est Ha

1237 3297 198 135 bur

1526 3319 2045 258 prope Basileam, uel uicus Tachofelden. Ex

1223 3428 1246 180 Beato Rhenano, Munstero

1038 3491 2542 266 39Dinia Vocontiorum Ciuitas in Gallia, Donox Sicitur

1219 3626 2361 266 tropolis Comitatus foucigni ſub Duce Sabaud

1002 3802 2583 298 40 Diodori Insula in Arabico ſinu fone est Bebelmandd

1264 3739 1101 180 Ex Ægidio, Paradino.

2384 3807 81 90 c

1219 3942 1770 248 faucibus, rubri maris. Ex Rhamnusio

1015 4019 2561 311 4 Diomedeae Insulae in mari Ionio, ubi Diomedis Socij ait

1182 4181 2389 257 aues conuersi ſunt Graecis applaudentes, Barbar

1205 4271 2366 266 infestas, nunc Tremiti dicuntur : duae q. ſunt, quarta

1219 4370 921 158 altera a quibuseam

1210 4470 1025 203 Æliano, Volaterrano

2230 4452 1350 297 ſcucbhra appelliutr. Ex E
