3666 5350
749 633 2386 223 Beauois, caesa omagtus olium nuncupata. Ex Munstero

499 766 2609 179 54 Deloiania in Norico apuo Antoninum, nunc Vella uallis di

789 869 1155 151 itur, et Velach. Ex Lazio

526 927 2667 187 35 Belſinum Celtiberum urbs in Hispania, Dorgia est in Re

762 1047 2453 170 gno Valentiae Calixti cij, et Alexandri VI Pontificunm

767 1181 1614 129 Maximorum patria. Ex Munstero

570 1199 2600 183 56 Benacus Galliae Cisalpinae lacus a Naco uocatus, unde

753 1292 2431 188 Mintius eſfluit, dicitur Lacus Gardae a Garda oppido Lon

776 1377 2430 174 gintudo eius 4s1 ſtadiorum 500, latitudo 150 ut ait polybius

771 1457 2328 170 nunc multo inor, Longitudr quidem 30 M. P. latitudo

762 1529 2408 191 quatuor milium, ut ait Sabellicus. Piscium bonitate lacubus

767 1627 2390 218 omnibus praestat, potissimum uero aeternis carmim

771 1792 1151 138 bus petri Nembi Veneti

588 1841 2413 165 17 Bencardum Hispaniae opp. Beardum est. Ex Hermolao.

593 1934 2631 143 58 Hennenon uallis in Palaeſtina, appellatur Tophet. Ex Roberteo

611 2010 2537 165 9 Berenice Aphricae urbs in Cyrenaica in Syrtis extimo

767 2104 2430 151 cornu, udcata à Berenice philadelphimatre, olim Hespe

767 2193 2354 147 ris, ut ait Callimachus, ut ptolemaeus Hesperides, ubi

762 2291 2400 147 Hesperidum orti memorantur, nunc Chosair portus. Ex

784 2367 1173 156 plini, Stephano, Munstero

606 2416 2596 201 60 Bergidum Ilergetum opp. in Hispania Vrgel est. Als Vr

798 2541 2145 156 gel uolum fuisse Vrcesam. Ex Beutero, Munſtero

646 2621 2547 174 8 BBernama Hedetanorum urbs in Hispania, nunc Benauar

780 2732 2283 161 dicitur. Alis Bateam esse opinantur in Baetica. Ex

789 2839 932 152 Munſtero, Castaldo

624 2889 2542 160 6Beroni palaeſtinae Ciuitas, Bauramites etiam dicta. Ex

798 3027 392 111 Roberto.

633 3040 2569 214 63Berrhoca Syriae urbs, Beroea, et Beroe uocata, Chalepum

807 3178 1605 152 est. Ex Stephano, Zonara, Niceta.

642 3254 2627 152 24Berſabee Syriae opp a puteo dictum, quem Abraham fodis

784 3388 2449 174 n ſignum foederis percussi cum Abimelech : Beer enim

784 3499 2369 179 fontem ſigniſicat, et Saba iusiurandum, Giblin est

798 3633 2466 143 Medemaua, et Menois dictum, a Ptolemaeo Mezarmae

780 3722 1699 138 Ex Hierony mo, Brecardo, Munstero.

651 3785 2626 165 25 Berytus Syiae urbs loco munitissimo poſita, unde et nome

802 3887 2418 178 habuit, nam phoenices, ut ait Istiaeus, robcur Beruti

807 3999 2462 160 uocan,: uel a bonitate aquae dicta : Bddg enim phoen

807 4110 2417 152 cum lingua puteus est : Augusti Colonia, felix Iulia

820 4217 2400 147 dicta, nunc Baruti. Ex Strabone, Stephano, Alciato,

807 4337 517 121 Munstero.

762 4351 2515 223 Berytus in Arabia olim Diospolis dicta fuit. Ex Stephano

651 4498 2430 174 118 etharanta palaestinae ciuitas, Iulia uocatur ab Iosepo¬

664 4609 2582 170 1 Bereniae pornus ſupra marr Dtythraeum, Asim gaber num Tse

838 4703 865 156 npaur . Ex Bauoso
