3666 5350
784 713 317 107 ut ait

905 619 2257 210 acaros a tempuree celi, Doliche, Cres etiam, et Crees

767 802 2444 241 te Dpyctaeo abscondit : Iouris ipsus incunabulis, et Sepulchro

1168 735 2002 201 rdilohui, ex eius nomine, qui Iouem in mon

758 905 2408 245 Minois Regno, et centum urtibur olim insigns, nona

780 1007 2373 219 ginta antiquis, et decem conditis post Trrianum bello

771 1123 2355 192 a Doriensibus, qui ſub Althemene fuere, et propterea

771 1217 2386 209 Etuaroe nubeo quandoq. cegnominata ab Homero : ins

753 1324 2462 214 gnis etiam Deorum cultui ibi inuenito, aeris fabrica, a

771 1440 2408 182 et ſtudio Sapientiae, quod in ea floribat : Sed Sopheista

776 1560 2386 160 rum copia difamata uel autiquo prouerbio Creten

780 1658 2417 201 ſes meniaces, qui Sophistae plures in Insula erant, quan

762 1783 2404 165 usqtam alibi. Nunc Candia uocatur longitudner uo

762 1903 2342 152 ait Sosicrates 00 stadioru, ut Artemid⟧ cuè 2o00

2426 1881 236 107 itroms

758 2001 2421 147 ut plinius cc LX M P. latitudine inae quali, Sed urbr

762 2113 2417 160 mator L. M. P. ambim Secundum Sosicratem 5000

767 2242 2408 147 ſtndiorum, uel, ut ait Artemidorus q100 ,uel, ut Hieronyx

749 2336 2479 169 nmus 48οo, uel, ut Plinius DLXXXIX M. P. Veri Cren

749 2438 2426 183 tenses indigerie nati in ea Insula Eteocretes fuen

749 2554 2471 156 uocati, et Cydones. Sed ex Thessaliae parte, quae Istiaeo

758 2652 2297 170 tis dicitur, et antea Doris, incolae acesser. Dorien

749 2777 2435 161 Achaei, et pelasgi dicti. Ex Platone, Stralone, Arrhiano

753 2902 2386 165 plinio, Aulo Gellio, Stephano, Arnobio, Lactantio, Va

731 3031 696 121 rino, Bordono.

428 3071 2725 201 22 Crissa Delpherum naule in phocide, Cyecha auccore pausa

744 3205 2471 183 nia postea appellatum fuit a Hympha quadam. Sed Stepha

740 3321 2502 196 nus Crisam hanc ( Sic enim ipse Suibit) quae Cyrrh u

731 3401 2448 228 uocata fuerit, callocat in Æolide, aliam ab ea, quae

718 3517 2510 223 est in phocide. Haec quoq. parnassia nape dicta fuis

735 3642 2529 201 a Parnasso propinquo monte, et idcirco petroesa copuo iaa

731 3740 2413 192 inata ab Homero : postea pytho dicta, et Python

735 3856 2458 209 è Pythone dracone ibi interfecto ab Apolline. Inco

731 3985 2368 165 la eiaunur Delphi a Delpho Apollinns, uel Hepauni filio

731 4083 2520 188 uel a delphino pracedente hucusq. nauim Castalij Crecae

758 4195 2417 165 tensis Coloniae deductoris : uel quasi àdI cλpοi, qùd Bac

744 4302 2507 160 chus cum Apolline ibi colatur: et antea incolae ipsi dice, ab

735 4422 2529 156 bantur Lycores a Lyureta pago existente in Parnas u

749 4520 2390 183 0 ſupra templum Apullinis, quo loco antiquitus Delphei

3014 4663 143 143 con
