3666 5350
553 588 2733 218 92 Carnonaca Beitanniae populi fuere ubi nunc est Caethenen

829 722 2226 142 in Scatia urbs, quae Cathnes uulgo dicitur. Ex Iouio

544 802 2595 169 93 Carnuntij pannoniae populi, Granij ab Iornande dicti, nunc

811 905 1187 142 Chremuicenses. Ex Lazio.

544 954 2733 214 94 Carnus olim celeberrima pannenia urbs, Carnutum etiam

816 1074 2453 192 eicta, apuo quam Seuerus Imperium accepit, Pagus es

833 1172 2422 205 in finibius Vngariae, et Austriae, qui Petronella dicitur

833 1288 1334 143 et uulgo Peternol. Ex Lazio

606 1337 2408 205 97 Caronium Hispaniae urbs, cheroga est. Ex Munstero

579 1431 2690 205 96 Carpates Sarmatiae mons in Eurepa, a Polonis Crempal

807 1538 954 124 dicitur. Ex Cromero

588 1591 2681 183 97 Carpathus aud enagorum Insula, quae Carpathio mar

825 1720 2403 156 nomen dedit, ab Honiero Crapathus dicta, ab alijs Car

833 1796 2427 187 pasia, a Demetrio Salaminio Carbasia, quod ſit

838 1899 2382 174 ſit ad leuem urntum carbam uocactum, postea Ab

838 1983 2364 192 ruta, nunc Scarpanto LX M. P. ambitu, uel, ube

829 2077 2391 187 est apud Strabonem, multo minori, ducentum ſilitet

825 2162 1837 174 ſtadiorum. Ex illis, Stephano, Bordono

557 2251 2685 196 98 Carpentoracte, ſiue Carbantorathe, ut apud Plinium

820 2345 2422 205 legit Hermolaus, Narbonensis Galliae urbs, Carpentras

825 2478 2426 165 est : illustrata docrina, uitae q. integritate Iacrbi Sado

820 2572 2373 165 leti Caodinalis ipsius urbis pontificis. Ex Munstero

566 2634 2645 201 9 Carpitani Hispaniae Tarracononsis populi, ſut Tolo

820 2728 2377 201 tani incolae Regni Toleti. Stephanus Carpitanos

825 2853 2417 178 populos Celticos esse ſuribit, Carpesios autem Hispa

847 2938 1757 165 uos ultra Iberum. Ex ipso, et Beutero

584 3000 2689 227 00 Carrhaca Bechunorum opp. in Italia ſupra Lambrunt

829 3111 2386 228 flunium Cara, uel Carauagium dicitur. Ex Munstero,

833 3218 264 125 Iouio

744 3303 2529 143 Carrhaca, uel potius Caracca in Hispania Tarraco

753 3397 1824 147 nnsi, Guardalaiara est. Ex Munstero

553 3450 2640 210 11 Carrhae Mesopotamiae urbs a fluuio dicta, Haram

816 3584 2466 169 etium, Carrham, et Parhia, ub i Abraham habitauit

816 3687 2470 196 et M. Crassus a parthis captus, Peremptus q. fuit

807 3798 1632 178 Ex Plinio, Ioann Bulpitio, Noberto

521 3874 2774 209 102 Carrhoduncum, uel Tarodunum Germaniae opp. Craconio

816 3990 2412 200 est Polonorum Regia, ut ſuipsiu petrus Appanuos

820 4123 2471 152 docissimus uir meus hospes. quo quidem loco constru

811 4204 2261 160 it arcem Caocus Boëmorum Dux. Ex Ænea

530 4271 2672 209 105 Carsioli Æquicolorum opp. in Italia, uel Carseoli, Ca

820 4391 2475 165 Scina est, aut Taliacotium, Arceolum ue. Ex liutio

825 4494 2323 182 plinio, Blondo, Decuratione erbum Italiae, cunste ro
