3698 5413
1178 604 2303 158 catum à Palleno Sithonis filia, prope quod Heradoes

1192 739 2293 127 Gigantibus pugnauit, et in eos, qui ab Hercule in

1182 793 2326 167 ficdbantur, caelitus fuluina decidebant, unde bellum De

1182 888 2326 144 rum cum Gigantibus conſictum. Huius enim ten

1182 992 2330 162 incolae Gigantes uocabantur, ut Theagenes Suribi

1178 1087 2321 189 in Macedonicis. A Mose autem Gigantes dicuntu s

1173 1204 2339 140 uiri corpore magno, et cobusto ex ſtirpe Seth.

934 1411 2569 145 50 Cana opp. ad Nilum, Coptus est, uel Canacaim. Ex Rhan

1173 1308 2317 153 plinio, Io. chrysostomo, Stephan, Pontano, Collenutio

925 1493 2583 162 81 Canaluij Macedoniae montes apud Strabonem, Ea⟩

957 1664 2551 162 32 Candei Arabiae populi, ſunt qui ophiophagi dicuntur ſer

1182 1587 1838 140 a Plinio Candauiae montes uocantur

1173 1781 2348 154 tibus uesci assueti : quorum regione nlla alia fert

957 1908 2546 171 33 Canebitum urbs Cariae, Cyonpostea dicta ab Apollonio

1173 1853 804 131 or est. Ex Plinio

948 2084 2569 157 54 Canini Rhaetiae populi alpestres, Canps, et Gisones

1178 2016 1756 149 quartr de rebus Cariae. Ex Stephano

1187 2187 2334 158 funt. A Canis ipsis uocari crrduntur Cantones

1187 2273 2348 167 ſteluetiorum, in quibus diciſa est eorum Democrat

979 2431 2551 230 15 Canne ⟦dicus in Apulia prope Ccnustum Aunibatisj

1178 2404 524 167 Ex Ægidia

1173 2580 2344 176 ctoria illustris Xt M. Romanorum caesis, uel Lax

1169 2697 2370 131 aut LXrII M. ut Polybius, et Deornyſiuse Suribunt : Ba

1187 2805 2348 136 rolum est, uel Cannella. Ex Sabellico, Volaterrano,

966 2941 2578 194 36 Canobus, uel Canobosa Aphricae urbs 1ro ſtadijs distan

1182 2891 1062 135 Ioanne Lodouico Viue

1178 3053 2366 172 ab Alexandria, a Canobo Menelai nauis, qgubernator

1160 3148 2393 176 ibi mortuo uocata, nunc Bochir, uel Bi chidr Phileldbao

948 3306 2587 230 57 Cantabri Histaniae populi ſunt qui incolunrt prouincicu

1155 3261 2380 158 cedidit esse Damiatam. Ex Seruio, Steph : Munst. Casti

1164 3459 1522 113 Campi uocatam. Ex Beutero

961 3504 2601 185 38 Canticardanna Indiae urbs in ſinu Gangetito, Ciroma

1164 3617 2389 172 del est. Milispar, Milapar, et Malapar, ubi Thrn

1160 3725 2379 140 Apostoli Sepulchrum uidetur. Ipse enim docuit Indos

1155 3834 2412 158 christi Soteris religionem, et dogmata. Ex Munstertao

979 3910 2439 176 59 Cantioebis Germaniae urbs, Ambersa est. Ex Roberto

952 4010 2596 171 60 Cantium Britanniae promontonrium, kent est : a quo l

1169 4131 2375 140 citur Cantium prouincia, ubi est Cantuaria urbs

1169 4226 2379 167 quae Canterbury, et Canteburg dicitur, olim uero Da

1164 4316 2407 167 uenum, uel Doroueraia, quam alij Dorouerniam appeoa⟩

1182 4420 1314 163 lant. Ex Polydoro, Munstero

970 4497 2592 212 61 Caparnaum palastinae urbs, Cparctoni, Caparstone,
