3698 5310
1217 575 2356 203 cerauios montes : aius prima pars uonur Inict⟨a

1213 725 2347 160 ab Ione eorum locorum principe, interibr autem usq

1222 836 2343 159 ad fuiem dictur Adrias ab Adria fluuio : quol au

1222 942 2316 168 dam matu Superum, uneum appellatur. Ex io

1200 1044 2369 217 Strabonr, Plinio, Appiano, Stephardiu, Isuncio, qurdo

1213 1208 1027 150 ſio, Blondo, Vaino.

956 1230 2626 239 29 fonuca Hispania Ciuitas ab Iouibus, et phocencibus cndo

1226 1416 1431 154 Villa ioiosa est. Ex Beutero

978 1469 2600 239 q42 Iope, uel Ioppe, Ioppia, et up est apud Characem Iopis phorn

1209 1623 2364 195 niciae ciuitas, a Coauos ab lope a Graecis Cassiep

1231 1730 2342 194 uocata Moli fitii uxore Cepheii Æthiopia etiam, qu

1217 1836 2356 199 eam obtinuerint ÆAthiopos, et ab Iona Iudaeo uate Io

1240 1947 2347 185 pho nuncupata, nunc feri Zasto, a Graecis Ace yub

1226 2084 2352 194 Andromedem cete expositam fabulantur. Ex Pliioe,

1222 2212 2312 177 Stephano, Niceta, Varino, Volaterrano, Munstero

992 2292 2599 199 425 Iouis mons in Hispania, Scalae Annibalis etiam dict

1217 2398 2370 208 est Mongioia apud Barchinonem, qui a Barchino

1235 2522 2356 208 nensibus Monini dicitur : uel est Casta Garaſf. Ex

1217 2646 2064 186 Mela, Beutero, Marineo, Oliuario, Munstero.

1023 2756 2564 186 46 Ire in peloponnese una ex Septem urbibus, quas Agunt

1209 2876 2378 168 non Achilli se daturum polliaetur apud Homerum : A⟨⟩

1235 3000 2352 159 postea uocata fuit a Cresphonte in memoriaon Ab⟨⟩

1235 3115 2356 177 netricis Hylli Herculis filij, quae Abia Celeno, et Ee

1222 3225 2365 182 rieo ab Achaeis bello, superatis, Iren commigratuit, A

1244 3349 2201 168 que Herculi templum dedicauit. Ex Pausania

1040 3451 2533 181 47 Iria Italiae opp. in Gallia Togata, Trira a plinio

1235 3570 2356 200 dictum, Sartirana est, uel Vigueria. Ex Munster

1231 3681 1399 159 Gaudentio Merula, Munstero

1217 3778 2370 191 Iria fluuius in Gallianet ipsa, qui Scriuia appellatcur

1235 3885 2347 208 a Phlinio Ratus, olim Tamarns, nunc Statola. Ex

1248 3991 1794 221 Georgio, et Gaudentio Merulis, Iouio

996 4097 2595 239 40Isaca Buitanniae fluuium, Exnuncupatur a Munstero, abe

1248 4208 638 150 Iouio Exam

1014 4318 2387 199 49 Isamnium in Hybernia, Cenofrit est. Ex Iouio
