3698 5310
1000 491 2556 203 43 Niger flauius Aphricaum ab Æchiopia dirimens, a quo Ae⟩

3113 619 465 115 b Iouio Ga

1279 606 1657 159 pes Nigritae dicuntur. . Munster Seno

1275 681 2303 146 tra putatur esse, quoniam in dlis Regnis ſici et esse¬

1279 774 2312 146 ditur pars fluuij ceon nuncupati, qui ex paradiso tema

1284 845 1537 163 ptri fluit. Ex illis, et Cadatuuste

1209 920 2387 177 Niger nons in ophrica longo ppcio in oucasum ob ae

1257 1004 2299 155 tindens prope Garamantes:a Latinis Ater dictusa

1284 1088 2298 155 natura adusto Similis, cut Solis repercusnacceſo. Ex P

1045 1172 2480 164 41 Nilus Aphricae fluuius ox montibus Æthiopum ontus in

1302 1252 2214 150 gno Griamae ento nunc, olim loco incento, inde ab

1279 1331 2294 169 thiopibus cognoin us Astapus, quod i larum gentin

1279 1416 2263 177 ſingua ſignifiut aquam è tenebris profluentem :

1271 1504 2307 195 aue a Nileo Rege Cyclopis flio, Tantali nepote uo

1284 1606 2316 181 nit Hermippus. caum antea Ægyptus uoccuetur, oceri

1279 1712 2312 155 nus, Caelius, Saturnus Inpiter Triton, choysonchoas

1279 1814 2294 150 Aëtos a cursu celeritate, a Lacius Melo, ab Ægyo

1302 1924 2285 120 tij eNum, ab Mhopibu iesis Syris, quoniam prima

1288 2004 2259 142 luna post olstitium crescere incpiens per Syrium

1288 2062 2290 163 Telam abunduntissime ang anr : ab ifdaeis Seon

1288 2154 2303 169 nunc Hilo etiam, et ab Ægypijssa Mthropibur, qui ſua

1279 2243 2321 168 preteioanm ſut Tacctit. Tamen Auen Ezra Geon

1271 2331 2316 182 dicit ese fluuium prope terram Israel : ut esse posti

1271 2424 2325 208 elle, qui a procopuo Narsinus nuncupatur prope E

1284 2513 2320 217 phratem. Syris antem, uel Siris propriedicitur ea N

1275 2637 2334 172 li pars, quae a Syent urbe est, usq.d fontes ipsius

1279 2725 2325 213 fluiuij : qua longa, et distiulis ad nauigandum est, et

1275 2862 2325 164 tortuosa : unde Ancon etiam Eoprio nomine appli⟩

1279 2960 2325 172 latur, cognomine Dulais, per contrarium ostensa le⟩

1271 3062 2320 177 malitia ; quare et a Platone proarbio dicitur At

1288 3159 2294 159 ton dulcis. Astapus uno est pars Hili a aliceo

1284 3265 2312 168 te Merois Insulae : quae quidem pars Hili nunc Ab

1266 3371 2325 151 ni nuncupatur. Ex Diodoro plinio, Stato, Sepsano,

1293 3455 2298 182 Isancio, eusta tihio, Rhodigio, parrhastio, Eupulino

1293 3579 1381 138 Francisu, Hluaretr, Earroso.

1067 3615 2529 194 15 Ninus Assyriae urbs ab Asnsure condita, a Nino au

1275 3721 2316 146 ta oco nnorum spatio decem milium hominumo

1275 3818 2321 164 pera, Assyriorum Regtum menopolis ultra Tigrimi

1288 3898 2312 173 amnt : Niniue, et Nisibis dicta, a Philone Nasibis, H

1293 4004 2303 128 Vranio Nesibis, quod phoenicum lin,ua ſignificuu

1284 4101 2307 129 lapides ubstranctos, et ſe contingentes Nunc diruta

1275 4208 2329 132 uestigia parua manent. Ex Mose dn, Stephane,

1279 4287 882 120 Haytone, Vadiano

1018 4318 2578 195 46 Ninyra Insula inter Rhodum, et Cnidum : Symes, S

1288 4438 2312 177 nae, uel Syme aeliadicta a Sx e Ialyssi fbi, nmu⟨
