3666 5350
441 664 2288 169 291 Curia Rhatia urbs, Coyro uulgo dicitur. Ex Ægidio

445 780 2730 156 292 Curianum Aquitaniae prormrontorium est Sancta Maria

740 873 1226 143 Ex Michaelo Villanonano

410 954 2792 182 293 Curicta, et Curicte Illyrici Insula, portunata etiam dictat

735 1061 2458 196 nunc Veglia XaX M p. longitudine Ex Plinio, rola

758 1172 936 138 terrano, Munstero

463 1252 2596 183 294 Curobis Aphricae opp. Caroana est. Ex Horatio Nucula

472 1359 2730 188 295 Curselinium Italiae opp. Corſinium etiam dicium pelign

762 1466 2422 156 rum metropolis, nunc pratula. Alij putant pentino

784 1555 2360 165 fuisse Corſinium. Ex Strabone, Collenutio, Munsſtero

499 1654 2689 178 296 Curta pannoniae urbs, Germanica legio dicta, et, aliquorum

753 1769 2422 170 opinione, Sicambria, Buda est regia Vagarorum

762 1890 2413 165 a Buda Attilae frantre dicta, uel a thermis, quae pro

776 2015 2408 160 pe ipsam ſunt : nam Slaui, quorum Sermone Septen

784 2126 2400 161 trionales gentes pleroque ununtur, aquam Buodam uha

793 2220 40 84 n

776 2242 2372 152 pant. A Germanis urbs dicitur offem. Lagius au

780 2380 2431 134 tem Sicambriam scribit non Budam esse, ſed locum

767 2469 2368 161 ruinosum non longe ab ea qui Schambr : adhuc

731 2603 2141 147 dicatur. Ex illo, Bonſinio, Appiano, Munſtero.

517 2688 2707 196 29 urtiana pannoniae opp. uel Strigonium est, uel Vishegra

762 2799 700 139 dum. Ex Lazio

535 2853 2033 143 29 8Cusi parnoniae urbs, Iretchdicitur. Ex Latio

544 2946 2676 179 29 ustus Daciae fluuius apud Tacitam, et Appianum Alexan

753 3062 2395 148 drinum, ab Iornande Crisia appellantur, ab Herodoto

758 3147 2470 187 Aura, quoniam auirum fert, nunc Carisius, aut Cchrysa

762 3267 1115 152 Ex B Rhenano, Lazio

521 3330 2721 205 300 Cyamom promontrrium Cretae, uulg. Caput Spatae dicitur

762 3450 513 130 Ex Iouio

539 3526 2694 201 301 Cyanaeae petrae iuae ſunt ad es ponti, quae ſimul concur

753 3664 2484 170 rere dicebantur magno nanigantium periculo : pestea

771 3758 2444 209 ſtabiles reditae altera in Europa ad Byzantium, alte

771 3869 2440 188 ra in Asia ad Chalcedonem. Cyanaei etiam Scopuli

776 3972 2394 205 appellati, Synormades ab Eratrsthene, Symplegades

771 4083 2444 197 ab Apollonio, Plactae etiam, et Planctae ab Hemo

776 4199 2444 156 ro, Timaeo, et Pisistratco Liparaeo C apud Plinium plane

767 4311 2466 147 tae pro planctis legitur) ob eorem, ab alijs ehoeriades, nunc

776 4400 2461 223 pauonariae dicnur. Ex Srabone clu, Stithan Iscuuo, Eo

767 4498 432 178 dono, Iouio
