3689 5270
1023 518 2327 202 Damascenam Araim⟧ Damasci, eoq. modo alias. Sa

1062 636 2297 185 Iudaei proprie appellanrt Aram, et Syriam eam Dam

1049 759 2306 167 ſcenam icuius caput est Damascus: Assyriam aute

1054 860 2310 154 et Assur Babyloniam, ſiue C haldaeam, cutius metro,

1045 922 2323 197 lis est Niniue, a Graecis Assoria dicta. guam aliq

1040 1036 2319 198 dicunt fuisso Hedem, in qua Deus Pplantauit hortum,

1040 1133 2310 188 fecit Adam ex humo, unde et nomen habuit: nam

1045 1220 2305 220 dama humus est. Ex Iosepo, plinio, Stephano, Eust

794 1383 2438 250 337 Asta Colonia in Liguria ) Asti dicitur. Ex Leandro.

1045 1357 1304 184 Varino, Munſtero, Eugubino.

794 1510 2561 220 338 Astaborus fluuius, qui Meroem abluit, Astabora a¬

1045 1589 2314 255 la dicitur, a Pinio Astabores, nunc Tacazini Lea

794 1761 2561 272 339 Astacus Epiri, aut Acarnaniae urbs, a Polinio Stratos

1014 1791 417 110 Barroso.

781 1945 2583 233 340 Astapa Hippaniae urbs, Stapona, uel Sisa, uma est. Ex Be

1049 1941 936 123 catur. Ex Munstero.

781 2059 2587 229 34 Asteria Insula inter Cephaleniam, et Ithacam, Aste

1045 2173 2314 172 ab Homero dicta, nunc Dedascalio, antea Peiries

1036 2288 1704 162 Serabone, Stephano, Varino, Sophiano.

794 2375 2411 167 342 Asterion urbs Thessaliae, Piresia est. Ex Stephano

790 2472 2565 163 343 Astuia Gernaniae urbs, dicitur Bodenhusem. Ex Roberto

803 2564 2552 167 344 Astures Hispaniae populi ab Astyre dicti Memnonis a

1032 2630 2336 185 riga, aurifodinis nobiles, equis q. paruis, quos th

1040 2736 2332 184 dones, Asturcones q. uocant : niontes incolunt, et Ba⟩

1032 2845 2336 185 caini uocantur, quoniam eorum regio Biscaia

1027 2938 2341 184 citur, ante a Visconia. Hti populi prius etium Ci

1036 3060 2332 189 postea Berones, et Celtiberes dicti, quoniam ex Ce

1040 3170 2332 176 et Iberibus commixxti erant. Eorum trecentas urbo

1058 3280 2319 176 Tiberio Graccho euersas fuisse Scribit Polybius, Ee

1040 3399 2324 140 micorum more urbes uppellans uel paruas etiam tr

1036 3495 2336 167 in triumphi pompam allatas. Ex Strabone, Plinio,

1058 3579 1080 140 lio, Marineo, Munstero.

777 3645 2595 202 347 Astygis Hispaniae urbs, Astygi, et Augusta Firmia dicta, a

1045 3781 887 131 Ecija. Ex Marineo.

786 3816 2595 197 346 Astypalaea Graeciae Insula e5 M. P ambite, ab Asypala

1036 3943 2336 185 Ancaei matre : Pyrrha uocata quando eam Cares

1045 4040 2332 219 nebant, inde Pylcea, et propter pulchritudinem Derr

1045 4172 2297 166 mensa, nunc Stampalia. Expli. Steph. Bordono.

830 4259 2534 180 347 Atad palaestinae locus prans Iredanem, ubi Iudaei ex

1027 4374 2350 175 quias fecere in funere Iacrb, Bethagia nunc ricitur

1036 4510 659 140 Ex Hieronymo
