3840 5310
1009 464 2671 288 94 Sebunum opp in Doicui, Foroialija. Iiubus, Sebone etiam dic

1023 681 2626 239 95 Seburri populi in Tarraconensi Hispania, Scurri sut. Ex Man

1271 592 1891 222 nunc Brixinora a Brixentis Rhaetis. Ex Lazio

1036 765 2617 257 96 Sebusium Germaniae opp, Vuisenburgum digitur in Ralsatie ⟨a⟩

1014 876 2117 177 97 Secor portus in Aquitania, Luson est Ex eodem

1023 946 2626 244 98 Secoris Hispaniae fluuius ab Oro Atlantis filio uocatus, nun

1014 1101 2502 204 99 Secuntium in Norico, Seccouium est in Styria. Ex Lazio

1248 1039 953 129 Sagrus. Ex Beutero

987 1199 2675 203 100 Securium et Frias Hispaniae opp. Abaracinum dicitur. Ex M⟨⟩

974 1345 2679 261 101 Seduni Gaellictrae populi ad Rhodanum, octeduri dici, Valb⟨⟩

1262 1300 266 124 rineo

978 1544 2658 239 102 Sedunua Sedunorum urbs, Seon dicitur a Gallis, ab Hlurt⟨

1266 1473 1174 173 ſiperiores ſunt. Ex Munst

1005 1721 2644 252 105 Segsta Siuliae opp. ab Ænea cnditum, pius Egesta ab Egostu

1262 1650 779 177 Sitten. Ex Ægidio

1271 1858 1235 150 toiano. Ex Cicerone, Stephano

1209 1907 2422 212 Segesta Itlaliae opp. inter Tigulios Ligues, Tigulia etiama

996 2070 2640 222 104 S egestica Insſula in pannonia facta a fluuijs Calapi, et Scaa

1226 2022 1666 146 et nunc Sextri. Ex Bracello, Munstero

983 2256 2653 239 105 Segiſama Iulia Vaccaeorum opp. in Hispania, Tordosilla est Ea⟩

1248 2190 1360 181 Syepa, Vygraud est. Ex Lazio

969 2447 2671 243 106Segi Caliae populi erant, ubinunc est Signacum oppda Ex

1209 2385 438 137 Munstero

1000 2588 2636 266 107 Segbriga caltiberum urbs in Hispania, Segbrida dicitr ab

1302 2557 354 137 Rhellican

1266 2752 2348 177 bone, apud quam Metellus um Sertorio pugnauit : nunc S

1280 2849 2334 204 guntia, et Siguenza, uel Segorbo. Alij uolunt Seguntu

1253 2947 2356 208 fuisse Segontiam paramicam Vardulorum oppdum. Ex

1023 3097 2582 221 08 Segor Syriae ubs Sodomorum ſtis monte Engaddi, olim

1275 3053 1422 124 Strabone ieso, Munstero, Castalio

1240 3212 2378 208 Bala appellata, Zophora, et Salisa, ab Hiedonymo Vica

1240 3314 2369 208 la, a Sy ris Zoara, nunc Ciuitas Palmae : inter quamg

1235 3416 2387 230 mare mortuum est Statua Salis, in quu conuersa fuit Vr⟩

978 3575 2631 239 109 Segortia Lata Areuacor um opp. in Hispania, a plimiò cedt

1240 3509 1510 185 por loth. Ex Hieronymo, Brocarddo

1213 3690 2387 230 tur dici Segouia. Ego uero xiſtime Segouiam apud Pli

1235 3805 2356 221 nium esse oppdum, quid a Ptolemaeo Segubia dicitur, e

969 3916 253 150 110 St

1191 3894 2427 256 nunc Guardamar, uel Sepelueda. Ex ili, Beutero, Munnpa⟩

1217 3969 2388 287 egra Hispaniae fluuius in Aragoni, Aquauiuusnaual uo

1204 4071 806 132 catur. Ex Beutero

983 4146 2569 217 11 Segusiani Galliae popul inter Rhodum, et Ararim Sppuani

1195 4265 2374 182 et Heduis finitini, ſunt Bellicenses, et uulgo Bresse Sub

1217 4367 2374 230 Sabaudiae Principibus a Brese uorati, quod fuist Foruns
