3698 5270
1216 636 2345 233 1 Rusiam usqus Tancim. Selmagna. Ex pare Exui

1229 790 2337 189 est, ut Syluae illae enumeratae ſint huius magnae S, luaea

1225 887 2328 197 liquiae tantum telluris spatium olim conplectenis. Ex

1225 988 2319 197 ellis, Mela, Conrado Celta, Glareato, Auentino, Dhe

1054 1106 2490 176 5 Saetra Asiae urbs, Zariaspa postea, uel  ariaspe dicta, c

1273 1216 1876 149 fluuio, nunc Ephra Ex Strabone, Plinio, Iuuio

1049 1277 2499 176 6 Bactriana prouincia in Asia a Bactra urbe dicta uocata

1220 1378 2337 167 modo appellatur Baster uel Carasan,: ab Iudaeis cum M

1229 1475 2324 176 dia Ælam dicitur, quam tenent Tartari Zagatai, a

1234 1576 2336 198 Hyrcania, Cora xenia, Ariana, Margiana, et Aracho

1234 1690 1686 145 E Roberto, Rhamnusio, Iouio, Castaldo⟩

1045 1774 2525 180 7 Bacuntius Pannoniae fluuius apud Sirmium Sauum inpf

1225 1923 1265 123 eus, Bozuutha est. Ex Lazio

1076 1980 2490 202 18 Badacum Norici urbs, Salczeborg esue creditur a fluuio

1238 2094 2319 194 Saliza, qui Iuuauus fuit ex Æno prof luens : uut Vo

1234 2209 2327 188 terranus testatur. Vadianus uero Saltzebur, antiquiſ

1225 2283 2328 215 mam quidem urbem esse ait, ſed quae olim fuerit an

1225 2371 2323 233 fuile ſuri Et Otho Friſigoosis, Abbas Vrsperginsis

1212 2494 2341 193 Anens Syluius, Ioaunes Boemus, Ioannes Auentinn

1212 2613 2358 193 et Iouius exi ſtimant Saluzeburg fuisse Iuuania, ur

1225 2714 2345 210 Iuuauiam, alio no mine Iouiacum appellatam : alij exesta

1212 2819 2363 206 uant fuisse Gesodunum. Sed Gesodunum oppidum est

1207 2920 2359 228 quod nunc Styria dicitur, teste Lazio, à Gesatis Ce

1216 3034 2345 224 lis in Norico conditum, qui cum Tauriscis ncolumn

1203 3157 2372 207 Norici partem mediterraneam ad Danubium procmt

1203 3280 2358 215 rentem, quae pars Slyria dicitur ab ipso oppido, quia

1194 3381 2372 237 nomen habuit a tauro ( Styr enim apud Germane

1190 3508 2371 220 ſiguificat taurum) uuel a Tauriscis ipsit, quos Ge

1198 3636 2363 215 mani Styros uocarunt à tauro, Badacum uero

1198 3728 1964 220 ſe uidetur ipsi Lazio ob dacum in Styria

1014 3829 2495 237 9 Badonicus Britanniae mons, Blachemora dr. Ex Polydoro.

996 3939 1059 175 10 Haeui Germaniae poe

2191 3996 1335 154 Boemi ſunt : quorum regioa

1212 4040 2354 224 Velleio Boiohemum dicitur, a Tacito Boiemum, a Stra

1194 4141 2341 250 bone Buiasmum Marobudi Regnum inter montes

1190 4255 2363 215 quos Sudetos appellat Ptolemceus in quod Regnumi

1190 4334 2376 220 alios transtulit, et Marcommanos etiam ſuam gel

1190 4431 2376 254 tem, ut Suribit Strabo in Septimo libro Geographiae
