<?xml version="1.0" encoding="UTF-8"?>
<alto xmlns:xsi="http://www.w3.org/2001/XMLSchema-instance"
      xmlns="http://www.loc.gov/standards/alto/ns-v4#"
      xsi:schemaLocation="http://www.loc.gov/standards/alto/ns-v4# http://www.loc.gov/standards/alto/v4/alto-4-2.xsd">
  <Description>
    <MeasurementUnit>pixel</MeasurementUnit>
    <sourceImageInformation>
      <fileName>Cod_174_f074r.tif</fileName>
      
    </sourceImageInformation>
  </Description>
  
  <Tags>
    <OtherTag ID="BT98" LABEL="MainZone" DESCRIPTION="block type MainZone"/><OtherTag ID="BT99" LABEL="RunningTitleZone" DESCRIPTION="block type RunningTitleZone"/><OtherTag ID="BT100" LABEL="QuireMarksZone:catchwords" DESCRIPTION="block type QuireMarksZone:catchwords"/><OtherTag ID="BT101" LABEL="TitlePageZone" DESCRIPTION="block type TitlePageZone"/><OtherTag ID="BT110" LABEL="MarginTextZone:note" DESCRIPTION="block type MarginTextZone:note"/><OtherTag ID="BT111" LABEL="NumberingZone:page" DESCRIPTION="block type NumberingZone:page"/>
    <OtherTag ID="LT41" LABEL="headingLine" DESCRIPTION="line type headingLine"/><OtherTag ID="LT43" LABEL="InterlinearLine:correction" DESCRIPTION="line type InterlinearLine:correction"/><OtherTag ID="LT85" LABEL="DefaultLine" DESCRIPTION="line type DefaultLine"/>
  </Tags>
  
  <Layout>
    <Page WIDTH="3666"
          HEIGHT="5350"
          PHYSICAL_IMG_NR="24"
          ID="eSc_dummypage_">
      <PrintSpace HPOS="0"
                  VPOS="0"
                  WIDTH="3666"
                  HEIGHT="5350">
        
        <TextBlock HPOS="350"
                   VPOS="562"
                   WIDTH="2870"
                   HEIGHT="3927"
                   ID="eSc_textblock_565b7acb"
                   TAGREFS="BT98">
          <Shape><Polygon POINTS="3112 3134 3220 3709 3184 4257 3130 4311 2760 4311 2666 4418 1654 4489 713 4489 691 4418 464 4429 453 4268 713 4239 713 3869 470 3934 350 3900 375 3756 584 3691 673 3780 695 3669 673 3597 481 3580 463 3366 499 3263 695 3223 606 3134 677 3027 677 2942 606 2920 660 2122 440 2129 446 1987 642 1927 642 1712 499 1689 517 1605 642 1564 588 784 626 562 1308 597 1748 581 2552 597 3130 570 3184 1636"/></Shape>
          
          
          <TextLine ID="eSc_line_17f8dbdc"
                    TAGREFS="LT85"
                    BASELINE="2372 552 2537 557" 
                    HPOS="2359"
                    VPOS="481"
                    WIDTH="174"
                    HEIGHT="94">
            <Shape><Polygon POINTS="2368 548 2368 481 2528 485 2533 552 2524 575 2359 561"/></Shape>
	    <String CONTENT="74"
                    HPOS="2359"
                    VPOS="481"
                    WIDTH="174"
                    HEIGHT="94"></String>
          </TextLine>

          
          
          <TextLine ID="eSc_line_4037ac44"
                    TAGREFS="LT41"
                    BASELINE="1320 566 1667 552" 
                    HPOS="1306"
                    VPOS="490"
                    WIDTH="361"
                    HEIGHT="94">
            <Shape><Polygon POINTS="1320 566 1306 503 1654 490 1667 552 1667 570 1320 584"/></Shape>
	    <String CONTENT="Octauus"
                    HPOS="1306"
                    VPOS="490"
                    WIDTH="361"
                    HEIGHT="94"></String>
          </TextLine>

          
          
          <TextLine ID="eSc_line_e40a2b37"
                    TAGREFS="LT85"
                    BASELINE="668 659 3104 628" 
                    HPOS="646"
                    VPOS="535"
                    WIDTH="2458"
                    HEIGHT="156">
            <Shape><Polygon POINTS="668 659 646 597 677 566 677 561 677 561 682 561 682 561 682 561 686 561 686 561 691 561 691 561 691 561 695 561 798 592 802 592 807 592 865 561 865 561 865 561 869 561 869 561 874 561 874 561 1101 584 1155 588 1164 584 1195 557 1195 557 1199 557 1199 557 1199 557 1204 557 1204 557 1208 557 1208 557 1208 557 1213 557 1213 557 1262 579 1284 588 1364 579 1534 552 1534 552 1538 552 1538 552 1538 552 1641 570 1690 579 1699 570 1712 552 1717 552 1717 548 1717 548 1721 548 1721 548 1721 548 1725 548 1725 548 1730 548 1730 548 1868 566 2002 579 2051 561 2091 543 2091 543 2096 543 2096 543 2096 543 2100 543 2100 543 2105 543 2105 543 2105 543 2109 543 2127 557 2154 575 2390 575 2510 575 2537 548 2542 543 2542 539 2542 539 2546 539 2546 539 2546 539 2551 539 2551 539 2555 539 2555 539 2609 543 2733 561 2765 539 2769 535 2769 535 2774 535 2774 535 2774 535 2778 535 2778 535 2782 535 2782 535 2782 535 2818 539 2947 566 2979 539 2979 535 2979 535 2979 535 2983 535 2983 535 2983 535 2988 535 2988 535 2992 535 3095 535 3104 628 3104 642 668 691"/></Shape>
	    <String CONTENT="ſe uidetur. est castaldus hanc urbem non Scopiam, ſed"
                    HPOS="646"
                    VPOS="535"
                    WIDTH="2458"
                    HEIGHT="156"></String>
          </TextLine>

          
          
          <TextLine ID="eSc_line_f7cd1ba5"
                    TAGREFS="LT85"
                    BASELINE="668 757 1556 749" 
                    HPOS="664"
                    VPOS="682"
                    WIDTH="892"
                    HEIGHT="89">
            <Shape><Polygon POINTS="668 757 664 682 1547 691 1556 749 1552 762 668 771"/></Shape>
	    <String CONTENT="Vdagardam uocat."
                    HPOS="664"
                    VPOS="682"
                    WIDTH="892"
                    HEIGHT="89"></String>
          </TextLine>

          
          
          <TextLine ID="eSc_line_b1bde53b"
                    TAGREFS="LT85"
                    BASELINE="588 833 1685 847 3108 771" 
                    HPOS="584"
                    VPOS="695"
                    WIDTH="2524"
                    HEIGHT="192">
            <Shape><Polygon POINTS="588 833 584 766 1337 780 1449 749 1453 749 1453 749 1453 749 1458 749 1458 749 1462 749 1462 749 1462 749 1467 749 1467 749 1489 766 1511 749 1511 744 1511 744 1511 744 1516 744 1516 744 1516 744 1520 744 1520 744 1520 744 1525 744 1525 744 1529 744 1529 744 1534 744 1605 771 1636 740 1650 731 1650 731 1654 731 1654 731 1654 731 1659 731 1659 731 1659 731 1663 731 1663 731 1667 731 1667 731 1667 731 1690 740 1734 766 1775 740 1792 726 1797 726 1797 726 1797 726 1801 726 1801 726 1801 726 1806 726 1806 726 1810 726 1810 726 1810 726 1815 726 1815 726 1828 740 1864 766 1953 766 2319 753 2341 726 2354 717 2354 713 2354 713 2359 713 2359 713 2359 713 2363 713 2363 713 2363 713 2368 713 2368 713 2368 713 2426 726 2506 744 2698 717 2885 695 2885 695 2889 695 3099 713 3108 771 3108 798 2778 806 2774 811 2720 847 2716 847 2716 847 2716 847 2711 847 2711 847 2707 847 2087 842 2064 860 2064 864 2064 864 2060 864 2060 864 2060 864 2055 864 2055 864 2055 864 1333 887 1329 887 1329 887 1324 887 1230 860 1088 882 1088 882 1083 882 1083 882 1083 882 1079 882 1079 882 1079 882 1074 882 1074 882 1052 860 1048 860 1039 860 923 887 923 887 923 887 918 887 584 873"/></Shape>
	    <String CONTENT="Heraclea Magnesiae, Ad albanon nunc dicitur. Ex Munst."
                    HPOS="584"
                    VPOS="695"
                    WIDTH="2524"
                    HEIGHT="192"></String>
          </TextLine>

          
          
          <TextLine ID="eSc_line_0ed8132a"
                    TAGREFS="LT85"
                    BASELINE="606 922 1369 936 2653 909" 
                    HPOS="602"
                    VPOS="824"
                    WIDTH="2051"
                    HEIGHT="134">
            <Shape><Polygon POINTS="606 922 602 842 1003 869 1079 842 1097 838 1097 838 1101 838 1101 838 1106 838 1106 838 1181 842 1382 864 2274 856 2278 851 2381 824 2386 824 2386 824 2390 824 2390 824 2390 824 2394 824 2470 847 2582 824 2582 824 2582 824 2586 824 2586 824 2591 824 2591 824 2591 824 2649 856 2653 909 2649 927 1837 958 1833 958 602 949"/></Shape>
	    <String CONTENT="Heraclea Siciliae, Minoa uocatur. Ex Sabellius"
                    HPOS="602"
                    VPOS="824"
                    WIDTH="2051"
                    HEIGHT="134"></String>
          </TextLine>

          
          
          <TextLine ID="eSc_line_3fb6e24d"
                    TAGREFS="LT85"
                    BASELINE="602 1003 1899 1020 3108 971" 
                    HPOS="597"
                    VPOS="905"
                    WIDTH="2511"
                    HEIGHT="147">
            <Shape><Polygon POINTS="602 1003 597 922 1346 949 1369 931 1369 927 1369 927 1373 927 1373 927 1373 927 1378 927 1378 927 1378 927 1382 927 1712 945 1757 918 1757 913 1757 913 1761 913 1761 913 1766 913 1766 913 1766 913 1770 913 1770 913 1775 913 1775 913 1775 913 1779 913 1779 913 1779 918 1810 940 1917 918 1917 918 1917 918 1922 918 1922 918 2118 940 2167 913 2189 905 2189 905 2189 905 2194 905 2194 905 2194 905 2198 905 2198 905 2203 905 2203 905 2203 905 2207 905 2207 905 2216 913 2247 936 3095 913 3108 971 3108 1007 2979 1007 2974 1007 2934 1038 2934 1038 2930 1038 2930 1038 2925 1038 2925 1038 2925 1038 2921 1038 2921 1038 2689 1012 2662 1034 2662 1038 2662 1038 2658 1038 2658 1038 2658 1038 2653 1038 2653 1038 2653 1038 2649 1038 2649 1038 2506 1016 2345 1038 2345 1038 2341 1038 2341 1038 2341 1038 2336 1038 2336 1038 2283 1016 2198 1043 2194 1043 2194 1043 2194 1043 1725 1052 1721 1052 597 1029"/></Shape>
	    <String CONTENT="Heraclea in, Italia, Syris aliquando nuncupata, poſtea"
                    HPOS="597"
                    VPOS="905"
                    WIDTH="2511"
                    HEIGHT="147"></String>
          </TextLine>

          
          
          <TextLine ID="eSc_line_69ba2698"
                    TAGREFS="LT85"
                    BASELINE="713 1105 1899 1114 3104 1083" 
                    HPOS="709"
                    VPOS="1016"
                    WIDTH="2395"
                    HEIGHT="125">
            <Shape><Polygon POINTS="713 1105 709 1020 847 1043 1324 1043 1360 1020 1360 1016 1364 1016 1364 1016 1364 1016 1369 1016 1369 1016 1369 1016 1373 1016 1373 1016 1378 1016 1378 1016 1387 1020 1449 1043 1587 1020 1610 1016 1610 1016 1614 1016 1614 1016 1614 1016 1618 1016 1618 1016 1618 1016 1623 1020 1663 1038 3090 1020 3104 1083 3099 1101 2947 1127 2947 1127 2943 1127 2943 1127 2943 1127 2827 1105 2818 1105 2724 1105 1650 1141 1645 1141 709 1123"/></Shape>
	    <String CONTENT="Tarentum ,uel  Taras a Tarante Neptuni filio."
                    HPOS="709"
                    VPOS="1016"
                    WIDTH="2395"
                    HEIGHT="125"></String>
          </TextLine>

          
          
          <TextLine ID="eSc_line_809dfa9d"
                    TAGREFS="LT85"
                    BASELINE="695 1194 1966 1203 3104 1177" 
                    HPOS="682"
                    VPOS="1087"
                    WIDTH="2422"
                    HEIGHT="125">
            <Shape><Polygon POINTS="695 1194 682 1123 735 1101 735 1101 740 1101 740 1101 740 1101 744 1101 744 1101 865 1123 918 1132 932 1123 949 1105 949 1101 949 1101 954 1101 954 1101 954 1101 958 1101 958 1101 963 1101 1168 1101 1168 1101 1168 1101 1172 1101 1172 1101 1172 1101 1177 1101 1177 1101 1204 1123 1226 1101 1226 1101 1230 1101 1230 1101 1235 1101 1235 1101 1235 1101 1239 1101 1239 1101 1244 1101 1324 1123 1360 1132 1395 1123 1476 1096 1480 1096 1480 1096 1480 1096 1485 1096 1485 1096 1489 1096 1489 1096 1560 1123 1578 1132 1971 1132 1980 1123 2002 1101 2002 1096 2002 1096 2006 1096 2006 1096 2006 1096 2011 1096 2011 1096 2015 1096 2015 1096 2015 1096 2020 1096 2020 1096 2078 1123 2078 1123 2078 1123 2118 1092 2118 1092 2122 1092 2122 1092 2127 1092 2127 1092 2127 1092 2131 1092 2131 1092 2131 1092 2136 1092 2229 1123 2229 1123 2234 1123 2261 1096 2261 1092 2261 1092 2265 1092 2265 1092 2265 1092 2270 1092 2270 1092 2274 1092 2274 1092 2274 1092 2386 1114 2493 1092 2493 1092 2493 1092 2497 1092 2497 1092 2658 1123 2675 1123 2698 1123 3001 1087 3001 1087 3005 1087 3005 1087 3010 1087 3010 1087 3099 1123 3104 1177 3099 1194 695 1212"/></Shape>
	    <String CONTENT="Nam Hercules Tarentinos bello domitus in potesta"
                    HPOS="682"
                    VPOS="1087"
                    WIDTH="2422"
                    HEIGHT="125"></String>
          </TextLine>

          
          
          <TextLine ID="eSc_line_77f695dd"
                    TAGREFS="LT85"
                    BASELINE="673 1284 1734 1306 3099 1261" 
                    HPOS="668"
                    VPOS="1185"
                    WIDTH="2431"
                    HEIGHT="148">
            <Shape><Polygon POINTS="673 1284 668 1217 847 1230 1034 1212 1132 1203 1132 1203 1137 1203 1137 1203 1141 1203 1141 1203 1141 1203 1146 1203 1146 1203 1155 1212 1181 1234 1293 1234 1315 1208 1320 1208 1320 1203 1320 1203 1324 1203 1324 1203 1324 1203 1329 1203 1329 1203 1333 1203 1333 1203 1333 1203 1373 1208 1467 1226 1578 1208 1641 1199 1641 1199 1645 1199 1645 1199 1645 1199 1650 1199 1676 1208 1739 1226 1824 1208 1877 1194 1877 1194 1877 1194 1882 1194 1882 1194 1882 1194 1886 1194 1886 1194 1913 1203 1948 1221 2319 1221 2336 1203 2345 1194 2345 1190 2345 1190 2350 1190 2350 1190 2350 1190 2354 1190 2354 1190 2359 1190 2359 1190 2359 1190 2363 1190 2403 1203 2452 1217 2568 1217 2582 1199 2595 1190 2595 1185 2595 1185 2600 1185 2600 1185 2600 1185 2604 1185 2604 1185 2604 1185 2609 1185 2609 1185 2613 1185 2671 1199 2707 1208 3086 1199 3099 1261 3099 1288 2988 1315 2988 1315 2988 1315 2983 1315 2983 1315 2836 1292 2818 1292 2729 1292 1703 1333 1699 1333 668 1315"/></Shape>
	    <String CONTENT="tem redegi : unde Poëta Tarentum Herculeum cogno"
                    HPOS="668"
                    VPOS="1185"
                    WIDTH="2431"
                    HEIGHT="148"></String>
          </TextLine>

          
          
          <TextLine ID="eSc_line_47cbd510"
                    TAGREFS="LT85"
                    BASELINE="682 1391 1605 1399 2957 1364" 
                    HPOS="673"
                    VPOS="1279"
                    WIDTH="2283"
                    HEIGHT="147">
            <Shape><Polygon POINTS="677 1391 673 1315 1141 1333 1195 1310 1204 1306 1204 1306 1208 1306 1208 1306 1208 1306 1213 1306 1266 1310 1471 1328 1502 1306 1511 1301 1516 1301 1516 1301 1516 1301 1520 1301 1520 1301 1520 1301 1525 1301 1525 1301 1529 1301 1529 1301 1529 1301 1534 1301 1534 1301 1538 1306 1565 1328 1743 1328 1766 1306 1775 1297 1775 1297 1775 1297 1779 1297 1779 1297 1783 1297 1783 1297 1783 1297 1788 1297 1788 1297 1792 1297 1833 1306 1890 1319 1989 1306 2078 1292 2078 1292 2082 1292 2082 1292 2082 1292 2087 1292 2131 1306 2171 1315 2559 1315 2600 1301 2671 1284 2675 1284 2675 1284 2680 1284 2680 1284 2680 1284 2765 1301 2791 1306 2805 1301 2845 1279 2845 1279 2845 1279 2849 1279 2849 1279 2854 1279 2854 1279 2854 1279 2947 1301 2956 1359 2952 1377 2720 1408 2720 1408 2716 1408 2716 1408 2586 1391 2515 1417 2515 1417 2510 1417 2510 1417 2510 1417 2506 1417 2078 1395 2051 1395 2051 1395 2029 1422 2024 1422 2024 1426 2024 1426 2020 1426 2020 1426 2020 1426 2015 1426 2015 1426 2011 1426 673 1417"/></Shape>
	    <String CONTENT="minauit. Ex Plinio, Stephano, Varino, Parrhasio."
                    HPOS="673"
                    VPOS="1279"
                    WIDTH="2283"
                    HEIGHT="147"></String>
          </TextLine>

          
          
          <TextLine ID="eSc_line_9417a3cf"
                    TAGREFS="LT85"
                    BASELINE="633 1480 1855 1493 3121 1457" 
                    HPOS="628"
                    VPOS="1382"
                    WIDTH="2493"
                    HEIGHT="133">
            <Shape><Polygon POINTS="633 1480 628 1399 972 1399 972 1399 972 1399 976 1399 1065 1426 1088 1399 1092 1399 1092 1395 1092 1395 1097 1395 1097 1395 1097 1395 1101 1395 1101 1395 1101 1395 1106 1395 1106 1395 1110 1395 1110 1395 1110 1395 1110 1395 1168 1422 1297 1399 1297 1399 1302 1399 1302 1399 1302 1399 1306 1399 1306 1399 1306 1399 1311 1399 1311 1399 1337 1426 1471 1426 1494 1404 1494 1399 1494 1399 1498 1399 1498 1399 1498 1399 1502 1399 1502 1399 1507 1399 1507 1399 1507 1399 1511 1399 1583 1422 1788 1422 1815 1395 1815 1391 1815 1391 1819 1391 1819 1391 1819 1391 1824 1391 1824 1391 1824 1391 1828 1391 1828 1391 1828 1391 1828 1391 1833 1391 1833 1391 1833 1391 1890 1422 2055 1422 2163 1386 2167 1386 2171 1386 2171 1386 2176 1386 2176 1386 2194 1386 2475 1413 2533 1382 2537 1382 2537 1382 2537 1382 2542 1382 2542 1382 2546 1382 2546 1382 2546 1382 2551 1382 2559 1382 2626 1404 3108 1382 3121 1457 3117 1475 2064 1515 2060 1515 628 1502"/></Shape>
	    <String CONTENT="Heraclea in Venetia. Ex Vderci ruinis condita, Ciuitas"
                    HPOS="628"
                    VPOS="1382"
                    WIDTH="2493"
                    HEIGHT="133"></String>
          </TextLine>

          
          
          <TextLine ID="eSc_line_ba41ce2b"
                    TAGREFS="LT85"
                    BASELINE="695 1569 2140 1582" 
                    HPOS="686"
                    VPOS="1489"
                    WIDTH="1459"
                    HEIGHT="124">
            <Shape><Polygon POINTS="695 1569 691 1511 1186 1489 1190 1489 1190 1489 1190 1489 1195 1489 1195 1489 1257 1515 1320 1489 1320 1489 1324 1489 1324 1489 1329 1489 1529 1489 1529 1489 1779 1520 1810 1498 1815 1498 1815 1498 1815 1498 1819 1498 1819 1498 1819 1498 2100 1493 2105 1493 2105 1493 2109 1493 2109 1493 2109 1493 2113 1493 2113 1493 2113 1498 2145 1529 2140 1582 2136 1596 1230 1613 1226 1613 686 1582"/></Shape>
	    <String CONTENT="noua nuncupatur Ex Sabellio"
                    HPOS="686"
                    VPOS="1489"
                    WIDTH="1459"
                    HEIGHT="124"></String>
          </TextLine>

          
          
          <TextLine ID="eSc_line_813649c5"
                    TAGREFS="LT85"
                    BASELINE="495 1671 1895 1667 3153 1618" 
                    HPOS="481"
                    VPOS="1538"
                    WIDTH="2672"
                    HEIGHT="160">
            <Shape><Polygon POINTS="495 1671 481 1600 767 1582 771 1582 771 1582 776 1582 776 1582 776 1582 798 1591 829 1609 847 1591 865 1578 865 1578 869 1578 869 1578 869 1578 874 1578 874 1578 878 1578 878 1578 878 1578 945 1591 972 1596 981 1591 1007 1573 1012 1573 1012 1573 1012 1573 1016 1573 1016 1573 1021 1573 1021 1573 1164 1587 1288 1600 1306 1587 1320 1573 1320 1569 1320 1569 1324 1569 1324 1569 1324 1569 1329 1569 1329 1569 1329 1569 1333 1569 1333 1569 1337 1569 1395 1582 1404 1587 1409 1582 1427 1569 1427 1564 1427 1564 1431 1564 1431 1564 1431 1564 1436 1564 1436 1564 1440 1564 1440 1564 1440 1564 1444 1564 1502 1582 1552 1596 1623 1582 1663 1573 1663 1573 1663 1573 1667 1573 1824 1578 2091 1587 2225 1573 2403 1551 2403 1551 2408 1551 2408 1551 2501 1569 2559 1578 2613 1564 2707 1542 2711 1542 2711 1542 2716 1542 2716 1542 2716 1542 2720 1542 2720 1542 2774 1564 2791 1569 2809 1564 2876 1538 2876 1538 2881 1538 2881 1538 2881 1538 2885 1538 3144 1560 3153 1618 3144 1667 3063 1645 2243 1676 1654 1698 1650 1698 490 1689"/></Shape>
	    <String CONTENT="22 Heracleoticum Nili ostium, Naucraticum, Canobicumq."
                    HPOS="481"
                    VPOS="1538"
                    WIDTH="2672"
                    HEIGHT="160"></String>
          </TextLine>

          
          
          <TextLine ID="eSc_line_37b3e7e0"
                    TAGREFS="LT85"
                    BASELINE="673 1774 3144 1738" 
                    HPOS="651"
                    VPOS="1654"
                    WIDTH="2493"
                    HEIGHT="160">
            <Shape><Polygon POINTS="673 1774 651 1716 668 1689 668 1689 673 1689 673 1685 673 1685 677 1685 677 1685 677 1685 682 1685 682 1685 686 1685 1226 1707 1239 1707 1239 1707 1271 1680 1271 1676 1271 1676 1275 1676 1275 1676 1275 1676 1279 1676 1279 1676 1279 1676 1284 1676 1284 1676 1444 1703 1444 1703 1890 1703 1895 1698 1931 1667 1931 1667 1935 1667 1935 1667 1935 1667 1940 1667 1940 1667 1944 1667 1944 1667 1944 1667 1948 1667 1948 1667 2011 1694 2073 1667 2073 1667 2078 1667 2078 1667 2078 1667 2082 1667 2082 1667 2082 1667 2194 1694 2203 1694 2212 1694 2296 1662 2301 1662 2301 1662 2301 1662 2305 1662 2305 1662 2493 1689 2506 1689 2510 1689 2551 1658 2551 1658 2555 1658 2555 1658 2555 1658 2559 1658 2559 1658 2564 1658 2564 1658 2796 1685 2818 1685 2823 1685 2863 1654 2863 1654 2867 1654 2867 1654 2872 1654 2872 1654 2872 1654 2876 1654 3135 1680 3144 1738 3144 1765 981 1814 976 1814 668 1792"/></Shape>
	    <String CONTENT="dictum, nunc Rossetum : quod alij credunt fuisse Bolbi¬"
                    HPOS="651"
                    VPOS="1654"
                    WIDTH="2493"
                    HEIGHT="160"></String>
          </TextLine>

          
          
          <TextLine ID="eSc_line_eef4967b"
                    TAGREFS="LT85"
                    BASELINE="686 1890 3077 1841" 
                    HPOS="673"
                    VPOS="1752"
                    WIDTH="2404"
                    HEIGHT="169">
            <Shape><Polygon POINTS="686 1890 673 1827 749 1796 749 1796 753 1796 753 1796 753 1796 758 1796 758 1796 891 1818 891 1818 896 1818 1030 1792 1030 1792 1030 1792 1034 1792 1034 1792 1034 1792 1039 1792 1101 1814 1106 1814 1114 1814 1172 1787 1172 1787 1177 1787 1177 1787 1177 1787 1181 1787 1181 1787 1186 1787 1186 1787 1186 1787 1190 1787 1190 1787 1217 1810 1222 1810 1248 1810 1547 1778 1547 1778 1552 1778 1815 1792 1975 1796 2024 1783 2055 1774 2060 1774 2060 1774 2060 1774 2064 1774 2064 1774 2109 1778 2171 1792 2185 1778 2198 1769 2198 1765 2198 1765 2203 1765 2203 1765 2203 1765 2207 1765 2207 1765 2207 1765 2212 1765 2212 1765 2278 1774 2350 1787 2368 1774 2372 1769 2372 1765 2372 1765 2377 1765 2377 1765 2377 1765 2381 1765 2381 1765 2381 1765 2386 1765 2457 1769 2626 1783 2684 1761 2702 1756 2702 1756 2707 1756 2707 1756 2711 1756 2711 1756 2711 1756 2716 1756 2733 1761 2791 1778 2832 1756 2845 1752 2845 1752 2845 1752 2849 1752 2849 1752 2849 1752 2854 1752 2854 1752 2858 1752 2858 1752 2858 1752 2863 1752 2867 1756 2898 1774 3063 1752 3077 1841 3077 1854 2698 1885 2693 1885 2693 1885 2693 1885 2689 1885 2689 1885 2689 1885 2649 1868 2635 1885 2631 1885 2631 1890 2631 1890 2626 1890 2626 1890 2622 1890 2622 1890 2622 1890 2617 1890 2270 1872 2252 1872 2247 1872 2212 1899 2207 1899 2207 1899 2207 1899 2203 1899 2203 1899 2203 1899 2198 1899 2198 1899 2015 1876 2006 1876 1989 1876 1770 1908 1770 1908 1766 1908 1766 1908 1565 1885 1552 1885 1538 1885 1266 1917 1266 1917 1262 1917 1262 1917 1262 1917 1257 1917 1257 1917 1204 1894 1123 1921 1119 1921 1119 1921 1119 1921 1114 1921 682 1899"/></Shape>
	    <String CONTENT="tinum Secundum Nili ostium. Ex Strabone, Mela, Pli"
                    HPOS="673"
                    VPOS="1752"
                    WIDTH="2404"
                    HEIGHT="169"></String>
          </TextLine>

          
          
          <TextLine ID="eSc_line_107f5517"
                    TAGREFS="LT85"
                    BASELINE="695 1992 1721 1961" 
                    HPOS="686"
                    VPOS="1881"
                    WIDTH="1035"
                    HEIGHT="134">
            <Shape><Polygon POINTS="695 1992 686 1934 909 1925 932 1903 932 1899 932 1899 936 1899 936 1899 936 1899 941 1899 941 1899 941 1899 945 1899 1235 1912 1248 1912 1248 1912 1279 1885 1279 1885 1279 1885 1284 1885 1284 1885 1288 1885 1288 1885 1288 1885 1293 1885 1293 1885 1293 1885 1297 1885 1369 1908 1373 1908 1373 1908 1480 1881 1485 1881 1485 1881 1489 1881 1712 1899 1721 1961 1721 1979 695 2015"/></Shape>
	    <String CONTENT="nio, Munstero, Castaldo"
                    HPOS="686"
                    VPOS="1881"
                    WIDTH="1035"
                    HEIGHT="134"></String>
          </TextLine>

          
          
          <TextLine ID="eSc_line_21313e9d"
                    TAGREFS="LT85"
                    BASELINE="477 2064 1627 2059 1944 2019 3144 1952" 
                    HPOS="468"
                    VPOS="1894"
                    WIDTH="2676"
                    HEIGHT="214">
            <Shape><Polygon POINTS="477 2064 468 1988 682 1970 686 1970 686 1970 758 1975 949 1997 1061 1975 1061 1975 1061 1975 1065 1975 1449 1979 1480 1957 1480 1957 1485 1957 1485 1957 1489 1957 1489 1957 1489 1957 1494 1957 1734 1970 1886 1939 1935 1930 1935 1930 1935 1930 1940 1930 1940 1930 1940 1930 1971 1934 2047 1952 2087 1930 2118 1917 2118 1917 2118 1917 2122 1917 2122 1917 2127 1917 2127 1917 2127 1917 2131 1917 2131 1917 2163 1930 2203 1943 2252 1925 2292 1912 2292 1912 2296 1912 2296 1912 2301 1912 2301 1912 2301 1912 2305 1912 2341 1921 2381 1934 2403 1921 2426 1908 2430 1908 2430 1908 2435 1908 2435 1908 2435 1908 2439 1908 2439 1908 2528 1917 2613 1925 2684 1912 2774 1894 2774 1894 2778 1894 3139 1899 3144 1952 3144 1988 2528 2010 2372 2064 2368 2064 2368 2064 2368 2064 2363 2064 2363 2064 2359 2064 2216 2024 2216 2024 2212 2024 2038 2077 2033 2077 2033 2077 2033 2077 1828 2082 1824 2082 1824 2082 1819 2082 1819 2082 1819 2082 1815 2082 1815 2082 1788 2059 1770 2082 1766 2082 1766 2086 1766 2086 1761 2086 1761 2086 1757 2086 1757 2086 1757 2086 1123 2108 1119 2108 472 2082"/></Shape>
	    <String CONTENT="23 Heraclium promontorium in Italia, Herculis fanum dictum a"
                    HPOS="468"
                    VPOS="1894"
                    WIDTH="2676"
                    HEIGHT="214"></String>
          </TextLine>

          
          
          <TextLine ID="eSc_line_f553fb99"
                    TAGREFS="LT85"
                    BASELINE="691 2166 1864 2148 2800 2082 3055 2082" 
                    HPOS="686"
                    VPOS="2015"
                    WIDTH="2373"
                    HEIGHT="196">
            <Shape><Polygon POINTS="691 2166 686 2095 1172 2099 1346 2095 1364 2073 1373 2068 1373 2064 1373 2064 1378 2064 1378 2064 1378 2064 1382 2064 1382 2064 1382 2064 1387 2064 1471 2068 1632 2082 1650 2064 1663 2055 1663 2050 1663 2050 1667 2050 1667 2050 1667 2050 1672 2050 1672 2050 1676 2050 1676 2050 1676 2050 1681 2050 1681 2050 1708 2064 1743 2077 2225 2064 2238 2046 2252 2037 2252 2032 2252 2032 2256 2032 2256 2032 2256 2032 2261 2032 2261 2032 2265 2032 2265 2032 2265 2032 2270 2032 2270 2032 2270 2032 2274 2032 2274 2032 2274 2037 2283 2046 2296 2055 2501 2050 2555 2037 2662 2015 2662 2015 2666 2015 3050 2024 3055 2082 3059 2090 3028 2122 3028 2126 3028 2126 3023 2126 3023 2126 3023 2126 3019 2126 3019 2126 3019 2126 3014 2126 3014 2126 3010 2126 2912 2104 2698 2108 2586 2113 2586 2117 2515 2148 2515 2148 2510 2148 2510 2148 2510 2148 2506 2148 2506 2148 2359 2126 2336 2126 2310 2131 2171 2162 2171 2162 2171 2162 1556 2184 1552 2184 1552 2184 1476 2171 1431 2166 927 2202 878 2202 874 2202 874 2202 874 2202 869 2202 869 2202 869 2202 811 2180 695 2211"/></Shape>
	    <String CONTENT="Ptolemaeo, nunc Mons Argentarius in agro Senensi :"
                    HPOS="686"
                    VPOS="2015"
                    WIDTH="2373"
                    HEIGHT="196"></String>
          </TextLine>

          
          
          <TextLine ID="eSc_line_44e619a4"
                    TAGREFS="LT85"
                    BASELINE="695 2269 2444 2224 3121 2175" 
                    HPOS="686"
                    VPOS="2117"
                    WIDTH="2435"
                    HEIGHT="187">
            <Shape><Polygon POINTS="695 2269 686 2206 918 2180 918 2180 923 2180 923 2180 927 2180 927 2180 927 2180 954 2193 967 2202 985 2193 1034 2166 1034 2166 1034 2166 1039 2166 1039 2166 1039 2166 1043 2166 1043 2166 1048 2166 1048 2166 1048 2166 1092 2189 1106 2197 1114 2189 1132 2171 1132 2171 1137 2171 1137 2171 1137 2171 1141 2171 1141 2171 1141 2171 1146 2171 1146 2171 1150 2171 1204 2184 1239 2193 1306 2180 1440 2157 1440 2157 1440 2157 1444 2157 1444 2157 1449 2157 1449 2157 1449 2157 1485 2175 1507 2184 1663 2166 1819 2153 1819 2153 1824 2153 1975 2157 2149 2162 2163 2148 2180 2135 2180 2131 2180 2131 2185 2131 2185 2131 2185 2131 2189 2131 2189 2131 2189 2131 2194 2131 2194 2131 2292 2144 2345 2153 2354 2144 2368 2126 2372 2126 2372 2122 2372 2122 2377 2122 2377 2122 2381 2122 2381 2122 2381 2122 2386 2122 2386 2122 2386 2122 2461 2140 2519 2153 2542 2135 2564 2117 2564 2117 2568 2117 2568 2117 2568 2117 2573 2117 2573 2117 2577 2117 3112 2117 3121 2175 3121 2211 1364 2287 1360 2287 1360 2287 1355 2287 1355 2287 1355 2287 1306 2264 1114 2296 1114 2296 1114 2296 1110 2296 874 2282 842 2304 842 2304 838 2304 838 2304 838 2304 833 2304 833 2304 829 2304 829 2304 829 2304 691 2278"/></Shape>
	    <String CONTENT="quo nomine : etiam appellatur a Rutilio Claudio Nu¬"
                    HPOS="686"
                    VPOS="2117"
                    WIDTH="2435"
                    HEIGHT="187"></String>
          </TextLine>

          
          
          <TextLine ID="eSc_line_03dec3a6"
                    TAGREFS="LT85"
                    BASELINE="695 2354 1516 2358 3130 2287" 
                    HPOS="686"
                    VPOS="2211"
                    WIDTH="2444"
                    HEIGHT="183">
            <Shape><Polygon POINTS="695 2354 686 2300 891 2273 891 2273 896 2273 896 2273 900 2273 967 2291 972 2291 976 2291 994 2273 994 2269 994 2269 999 2269 999 2269 999 2269 1003 2269 1003 2269 1007 2269 1007 2269 1007 2269 1101 2287 1141 2291 1222 2282 1476 2251 1476 2251 1480 2251 1480 2251 1480 2251 1485 2251 1485 2251 1489 2251 1489 2251 1489 2251 1511 2273 1520 2278 1552 2273 1654 2255 1654 2255 1654 2255 1659 2255 1659 2255 1663 2255 1712 2269 1734 2273 1743 2269 1775 2242 1775 2242 1779 2242 1779 2242 1783 2242 1783 2242 1783 2242 1788 2242 1788 2242 1792 2242 1792 2242 1855 2264 1873 2269 1895 2264 1998 2233 2002 2233 2002 2233 2006 2233 2006 2233 2006 2233 2011 2233 2087 2255 2087 2255 2096 2255 2448 2229 2452 2229 2452 2229 2613 2242 2635 2242 2640 2242 2671 2215 2671 2211 2671 2211 2675 2211 2675 2211 2680 2211 2680 2211 2680 2211 2684 2211 3121 2229 3130 2287 3130 2313 1342 2394 1337 2394 1337 2394 1333 2394 1244 2371 695 2380"/></Shape>
	    <String CONTENT="matiano Toloſate poëta. Quem montem alij putant"
                    HPOS="686"
                    VPOS="2211"
                    WIDTH="2444"
                    HEIGHT="183"></String>
          </TextLine>

          
          
          <TextLine ID="eSc_line_aa91bb51"
                    TAGREFS="LT43"
                    BASELINE="713 2411 1181 2403" 
                    HPOS="700"
                    VPOS="2345"
                    WIDTH="477"
                    HEIGHT="93">
            <Shape><Polygon POINTS="709 2407 700 2354 1164 2345 1177 2398 1172 2416 709 2438"/></Shape>
	    <String CONTENT="nuncupatum"
                    HPOS="700"
                    VPOS="2345"
                    WIDTH="477"
                    HEIGHT="93"></String>
          </TextLine>

          
          
          <TextLine ID="eSc_line_5d1b707f"
                    TAGREFS="LT85"
                    BASELINE="695 2461 1908 2452 2292 2420 3126 2398" 
                    HPOS="686"
                    VPOS="2336"
                    WIDTH="2440"
                    HEIGHT="165">
            <Shape><Polygon POINTS="695 2461 686 2403 1181 2394 1204 2385 1337 2358 1337 2358 1337 2358 1342 2358 1342 2358 1342 2358 1346 2358 1413 2380 1431 2385 1645 2385 1654 2376 1676 2354 1676 2354 1676 2354 1681 2354 1681 2354 1685 2354 1685 2354 1685 2354 1690 2354 1690 2354 1690 2354 1694 2354 1694 2354 1694 2354 1699 2354 1699 2354 1717 2371 1725 2380 1886 2380 1899 2367 1922 2349 1922 2345 1922 2345 1926 2345 1926 2345 1931 2345 1931 2345 1931 2345 1935 2345 1935 2345 1935 2345 2024 2362 2064 2371 2105 2362 2180 2340 2185 2340 2185 2340 2189 2340 2189 2340 2189 2340 2274 2358 2314 2362 3112 2336 3126 2398 3121 2429 2756 2429 2742 2443 2720 2461 2720 2465 2720 2465 2716 2465 2716 2465 2716 2465 2711 2465 2711 2465 2707 2465 2707 2465 2707 2465 2702 2465 2702 2465 2702 2465 2666 2447 2640 2434 2452 2434 2243 2456 2167 2465 2167 2465 2163 2465 2163 2465 2127 2461 2064 2452 2051 2465 2038 2474 2038 2478 2038 2478 2033 2478 2033 2478 2033 2478 2029 2478 2029 2478 2029 2478 1320 2492 1315 2492 1315 2492 1275 2487 1190 2469 695 2501"/></Shape>
	    <String CONTENT="⟦appellatum⟧ Volcentarium, alij Telamonem promonto"
                    HPOS="686"
                    VPOS="2336"
                    WIDTH="2440"
                    HEIGHT="165"></String>
          </TextLine>

          
          
          <TextLine ID="eSc_line_c5065ba1"
                    TAGREFS="LT85"
                    BASELINE="691 2572 2060 2554 2702 2514 3046 2514" 
                    HPOS="677"
                    VPOS="2443"
                    WIDTH="2369"
                    HEIGHT="142">
            <Shape><Polygon POINTS="691 2572 677 2510 1061 2505 1070 2501 1119 2474 1119 2474 1119 2474 1123 2474 1123 2474 1123 2474 1128 2474 1453 2492 1529 2492 2149 2483 2154 2474 2167 2456 2171 2456 2171 2452 2171 2452 2176 2452 2176 2452 2176 2452 2180 2452 2180 2452 2185 2452 2185 2452 2185 2452 2274 2469 2287 2474 2305 2469 2381 2447 2386 2447 2386 2447 2386 2447 2390 2447 2390 2447 2390 2447 2475 2465 2497 2469 2524 2465 2640 2443 2640 2443 2644 2443 3041 2456 3046 2514 3046 2527 2617 2536 2617 2541 2582 2568 2582 2568 2577 2568 2577 2568 2577 2568 2573 2568 2573 2568 2573 2568 2568 2568 2568 2568 2564 2568 2479 2545 2399 2572 2394 2572 2394 2572 2394 2572 2390 2572 2390 2572 2386 2572 2386 2572 2332 2554 1757 2585 1752 2585 686 2581"/></Shape>
	    <String CONTENT="rium, a Telamone antiquo oppido : In quo monte"
                    HPOS="677"
                    VPOS="2443"
                    WIDTH="2369"
                    HEIGHT="142"></String>
          </TextLine>

          
          
          <TextLine ID="eSc_line_192d038e"
                    TAGREFS="LT85"
                    BASELINE="677 2688 3112 2621" 
                    HPOS="655"
                    VPOS="2527"
                    WIDTH="2457"
                    HEIGHT="201">
            <Shape><Polygon POINTS="677 2688 655 2625 686 2594 686 2590 686 2590 691 2590 691 2590 691 2590 695 2590 695 2590 695 2590 700 2590 1065 2612 1083 2612 1088 2612 1141 2576 1146 2576 1146 2576 1146 2576 1150 2576 1150 2576 1155 2576 1155 2576 1440 2603 1462 2603 1467 2603 1498 2572 1498 2568 1498 2568 1502 2568 1502 2568 1502 2568 1507 2568 1507 2568 1511 2568 1511 2568 1511 2568 1516 2568 1516 2568 1592 2599 1596 2599 1601 2599 1703 2563 1708 2563 1708 2563 1708 2563 1712 2563 1712 2563 1712 2563 1717 2563 1717 2563 1721 2563 1721 2563 1721 2568 1752 2594 1757 2594 1766 2594 1922 2568 1922 2568 1926 2568 2345 2576 2377 2576 2377 2576 2408 2550 2408 2545 2408 2545 2412 2545 2412 2545 2412 2545 2417 2545 2417 2545 2417 2545 2421 2545 2421 2545 2546 2563 2604 2536 2604 2536 2604 2536 2609 2536 2609 2536 2613 2536 2613 2536 2613 2536 2756 2568 2769 2568 2787 2568 2930 2527 2934 2527 2934 2527 2939 2527 2939 2527 2939 2527 3104 2559 3112 2621 3108 2657 2332 2657 1931 2692 1917 2692 1913 2692 1913 2692 1913 2692 1908 2692 1908 2692 1908 2692 1904 2692 1868 2670 1654 2701 1641 2701 1641 2701 1636 2701 1623 2701 1382 2683 1315 2710 1315 2710 1315 2710 1311 2710 1311 2710 1306 2710 1288 2710 780 2701 682 2728"/></Shape>
	    <String CONTENT="fuerint Cossae urbs olim meritum multitudine delecta"
                    HPOS="655"
                    VPOS="2527"
                    WIDTH="2457"
                    HEIGHT="201"></String>
          </TextLine>

          
          
          <TextLine ID="eSc_line_2d4c8908"
                    TAGREFS="LT85"
                    BASELINE="700 2790 3117 2728" 
                    HPOS="686"
                    VPOS="2648"
                    WIDTH="2431"
                    HEIGHT="178">
            <Shape><Polygon POINTS="700 2790 686 2732 767 2706 771 2706 771 2706 771 2706 776 2706 994 2719 1092 2688 1097 2688 1097 2688 1097 2688 1101 2688 1101 2688 1271 2710 1324 2683 1324 2683 1324 2683 1329 2683 1329 2683 1329 2683 1333 2683 1333 2683 1337 2683 1431 2706 1467 2679 1471 2679 1471 2679 1471 2679 1476 2679 1476 2679 1476 2679 1480 2679 1480 2679 1676 2701 1681 2701 1685 2701 1717 2675 1717 2670 1717 2670 1721 2670 1721 2670 1725 2670 1725 2670 1725 2670 1730 2670 1730 2670 1882 2688 1957 2666 1962 2666 1962 2666 1962 2666 1966 2666 1966 2666 1966 2666 1971 2666 1971 2666 2029 2692 2033 2692 2225 2688 2225 2683 2243 2661 2247 2661 2247 2657 2247 2657 2252 2657 2252 2657 2252 2657 2256 2657 2256 2657 2261 2657 2261 2657 2261 2657 2381 2679 2408 2683 2671 2675 2671 2670 2693 2652 2693 2648 2693 2648 2698 2648 2698 2648 2698 2648 2702 2648 2702 2648 2707 2648 3108 2661 3117 2728 3117 2759 700 2826"/></Shape>
	    <String CONTENT="Ex cuius Varinis alij Orbitellum conditum credunt : alij"
                    HPOS="686"
                    VPOS="2648"
                    WIDTH="2431"
                    HEIGHT="178"></String>
          </TextLine>

          
          
          <TextLine ID="eSc_line_c6e9cc3a"
                    TAGREFS="LT85"
                    BASELINE="668 2911 3077 2844" 
                    HPOS="651"
                    VPOS="2750"
                    WIDTH="2426"
                    HEIGHT="183">
            <Shape><Polygon POINTS="668 2911 651 2844 753 2808 758 2808 758 2808 758 2808 762 2808 762 2808 762 2808 767 2808 767 2808 771 2808 771 2808 771 2808 798 2831 829 2804 829 2804 833 2804 833 2804 833 2804 838 2804 838 2804 842 2804 842 2804 842 2804 847 2804 941 2835 945 2835 949 2835 1003 2808 1003 2808 1003 2808 1007 2808 1007 2808 1012 2808 1012 2808 1012 2808 1016 2808 1016 2808 1016 2808 1021 2808 1052 2831 1056 2831 1284 2831 1346 2822 1440 2817 1467 2790 1467 2786 1467 2786 1471 2786 1471 2786 1471 2786 1476 2786 1476 2786 1476 2786 1480 2786 1480 2786 1485 2786 1596 2817 1601 2817 1601 2817 1632 2786 1632 2786 1632 2782 1632 2782 1636 2782 1636 2782 1636 2782 1641 2782 1641 2782 1645 2782 1645 2782 1645 2782 1650 2782 1739 2813 1748 2813 1841 2813 1841 2808 1882 2777 1882 2777 1886 2777 1886 2777 1886 2777 1890 2777 1890 2777 1890 2777 1895 2777 2185 2799 2198 2799 2203 2799 2252 2764 2256 2764 2256 2764 2256 2764 2261 2764 2261 2764 2265 2764 2265 2764 2265 2764 2270 2764 2368 2795 2368 2795 2368 2795 2403 2764 2403 2759 2403 2759 2408 2759 2408 2759 2408 2759 2412 2759 2412 2759 2412 2759 2417 2759 2417 2759 2421 2759 2421 2759 2421 2759 2470 2782 2568 2755 2573 2755 2573 2755 2573 2755 2577 2755 2577 2755 2724 2777 2742 2755 2747 2755 2747 2750 2747 2750 2751 2750 2751 2750 2751 2750 2756 2750 2756 2750 2756 2750 2760 2750 3068 2777 3077 2844 3077 2866 668 2933"/></Shape>
	    <String CONTENT="Asidoniam a Sidonibus Germanis Desiderij Longo :"
                    HPOS="651"
                    VPOS="2750"
                    WIDTH="2426"
                    HEIGHT="183"></String>
          </TextLine>

          
          
          <TextLine ID="eSc_line_89a9d52f"
                    TAGREFS="LT85"
                    BASELINE="704 3013 3081 2960" 
                    HPOS="695"
                    VPOS="2880"
                    WIDTH="2386"
                    HEIGHT="169">
            <Shape><Polygon POINTS="704 3013 695 2942 1815 2929 1828 2920 1877 2902 1877 2902 1882 2902 1882 2902 1886 2902 2207 2915 2274 2915 2310 2911 2493 2889 2493 2889 2497 2889 2497 2889 2658 2906 2671 2906 2689 2906 2898 2880 2898 2880 2903 2880 2903 2880 3072 2902 3081 2960 3077 2987 2689 2987 2675 2991 2644 3013 2640 3013 2640 3013 2640 3013 2635 3013 2635 3013 2631 3013 2631 3013 2466 2996 2444 2996 2439 2996 2417 3018 2417 3022 2417 3022 2412 3022 2412 3022 2412 3022 2408 3022 2408 3022 2403 3022 1806 3013 1623 3040 1623 3040 1618 3040 1618 3040 1614 3040 1520 3018 1507 3013 1507 3018 1489 3040 1485 3040 1485 3045 1485 3045 1480 3045 1480 3045 1480 3045 1476 3045 1476 3045 1476 3049 1337 3049 1333 3045 1333 3045 1329 3045 1329 3045 1329 3045 1324 3045 1324 3045 1297 3022 1293 3018 1257 3022 1065 3049 1065 3049 1061 3049 700 3031"/></Shape>
	    <String CONTENT="bardorum Regis temporibus : quam postea euerte¬"
                    HPOS="695"
                    VPOS="2880"
                    WIDTH="2386"
                    HEIGHT="169"></String>
          </TextLine>

          
          
          <TextLine ID="eSc_line_5db32e58"
                    TAGREFS="LT85"
                    BASELINE="628 3129 3055 3058" 
                    HPOS="615"
                    VPOS="2982"
                    WIDTH="2440"
                    HEIGHT="183">
            <Shape><Polygon POINTS="628 3129 615 3053 1659 3040 1725 3027 1837 3004 1837 3004 1837 3004 1841 3004 2029 3018 2113 3022 2127 3013 2158 2996 2163 2996 2163 2996 2167 2996 2167 2996 2167 2996 2171 2996 2171 2996 2176 2996 2176 2996 2176 2996 2180 2996 2203 3013 2216 3018 2417 3018 2452 3009 2573 2982 2573 2982 2573 2982 2577 2982 3046 2996 3055 3058 3055 3071 2452 3085 2448 3089 2430 3116 2426 3116 2426 3120 2426 3120 2421 3120 2421 3120 2417 3120 2417 3120 2417 3120 2412 3120 2412 3120 2408 3120 2305 3094 2296 3094 2283 3098 2189 3125 2185 3125 2185 3125 2185 3125 2180 3125 1922 3116 1841 3138 1837 3138 1837 3138 1837 3138 1833 3138 1833 3138 1828 3138 1828 3138 1828 3138 1824 3138 1797 3120 1775 3138 1775 3138 1770 3138 1770 3138 1770 3138 1766 3138 1766 3138 1766 3138 1761 3138 1761 3138 1757 3138 1690 3120 1560 3143 1560 3143 1556 3143 1556 3143 1556 3143 1552 3143 1552 3143 1552 3143 1547 3143 1547 3143 1525 3120 1485 3147 1480 3147 1480 3147 1476 3147 1476 3147 1476 3147 1471 3147 1248 3134 1079 3160 1079 3160 1074 3160 1074 3160 1074 3160 1070 3160 981 3134 976 3134 976 3134 936 3165 936 3165 932 3165 932 3165 927 3165 927 3165 927 3165 923 3165 624 3143"/></Shape>
	    <String CONTENT="runt Saraceni. Ex Stephano, Amnio, Volaterrano,"
                    HPOS="615"
                    VPOS="2982"
                    WIDTH="2440"
                    HEIGHT="183"></String>
          </TextLine>

          
          
          <TextLine ID="eSc_line_7509b91a"
                    TAGREFS="LT85"
                    BASELINE="713 3245 1899 3210" 
                    HPOS="695"
                    VPOS="3120"
                    WIDTH="1204"
                    HEIGHT="161">
            <Shape><Polygon POINTS="713 3245 695 3187 740 3152 740 3152 744 3152 744 3152 744 3152 749 3152 749 3152 753 3152 753 3152 753 3152 758 3152 851 3178 954 3178 994 3143 994 3143 999 3143 999 3143 999 3143 1003 3143 1003 3143 1007 3143 1007 3143 1007 3143 1012 3143 1012 3143 1079 3169 1181 3138 1186 3138 1186 3138 1190 3138 1190 3138 1190 3138 1311 3160 1373 3134 1373 3134 1378 3134 1378 3134 1378 3134 1382 3134 1382 3134 1387 3134 1387 3134 1387 3134 1444 3160 1618 3156 1654 3125 1654 3125 1659 3125 1659 3125 1663 3125 1663 3125 1663 3125 1667 3125 1667 3125 1672 3125 1672 3125 1672 3125 1712 3147 1730 3125 1734 3125 1734 3120 1734 3120 1739 3120 1739 3120 1739 3120 1743 3120 1743 3120 1748 3120 1748 3120 1748 3120 1890 3152 1899 3210 1899 3236 713 3281"/></Shape>
	    <String CONTENT="Munstero, Iouio, Castaldo."
                    HPOS="695"
                    VPOS="3120"
                    WIDTH="1204"
                    HEIGHT="161"></String>
          </TextLine>

          
          
          <TextLine ID="eSc_line_7fd2d95f"
                    TAGREFS="LT85"
                    BASELINE="481 3343 1552 3330 3099 3236" 
                    HPOS="472"
                    VPOS="3147"
                    WIDTH="2627"
                    HEIGHT="232">
            <Shape><Polygon POINTS="481 3343 472 3285 891 3245 896 3245 896 3245 896 3245 900 3245 900 3245 900 3245 927 3259 963 3276 1088 3276 1146 3250 1186 3232 1186 3232 1190 3232 1190 3232 1190 3232 1195 3232 1195 3232 1199 3232 1199 3232 1199 3232 1222 3245 1257 3263 1297 3241 1306 3232 1311 3232 1311 3232 1315 3232 1315 3232 1315 3232 1320 3232 1320 3232 1324 3232 1324 3232 1324 3232 1329 3232 1337 3236 1373 3259 1859 3241 2127 3196 2140 3196 2140 3196 2145 3196 2145 3196 2145 3196 2149 3196 2149 3196 2149 3196 2154 3196 2154 3196 2185 3218 2332 3218 2368 3183 2372 3183 2372 3178 2372 3178 2377 3178 2377 3178 2381 3178 2381 3178 2381 3178 2386 3178 2386 3178 2390 3178 2390 3178 2399 3183 2461 3205 2666 3205 2689 3174 2693 3174 2693 3169 2693 3169 2698 3169 2698 3169 2698 3169 2702 3169 2702 3169 2707 3169 2707 3169 2707 3169 2805 3187 2876 3156 2881 3156 2881 3156 2885 3156 2885 3156 2885 3156 2889 3156 2889 3156 2898 3156 3001 3169 3081 3147 3099 3236 3099 3259 2461 3317 2461 3317 2457 3317 2216 3303 2212 3303 2198 3303 1667 3352 1667 3352 481 3379"/></Shape>
	    <String CONTENT="24 Herculeum Britanniae promontorium, Caput Hertlond"
                    HPOS="472"
                    VPOS="3147"
                    WIDTH="2627"
                    HEIGHT="232"></String>
          </TextLine>

          
          
          <TextLine ID="eSc_line_063979c8"
                    TAGREFS="LT85"
                    BASELINE="731 3432 1529 3406" 
                    HPOS="722"
                    VPOS="3339"
                    WIDTH="807"
                    HEIGHT="147">
            <Shape><Polygon POINTS="731 3432 722 3370 1516 3339 1529 3406 1529 3419 1351 3428 1337 3437 1266 3468 1266 3468 1262 3468 1262 3468 1262 3468 1257 3468 1257 3468 1253 3468 1177 3450 1132 3437 1110 3455 1088 3473 1088 3473 1083 3473 1083 3473 1083 3473 1079 3473 1079 3473 1074 3473 1074 3473 1074 3473 1007 3464 918 3446 869 3473 851 3481 851 3481 851 3481 847 3481 847 3481 847 3486 731 3486"/></Shape>
	    <String CONTENT="oſt. Ex Castaldo"
                    HPOS="722"
                    VPOS="3339"
                    WIDTH="807"
                    HEIGHT="147"></String>
          </TextLine>

          
          
          <TextLine ID="eSc_line_195f0569"
                    TAGREFS="LT85"
                    BASELINE="499 3544 1538 3508 2140 3446 3148 3419" 
                    HPOS="486"
                    VPOS="3330"
                    WIDTH="2662"
                    HEIGHT="245">
            <Shape><Polygon POINTS="499 3544 486 3473 602 3464 633 3432 633 3428 633 3428 637 3428 637 3428 637 3428 642 3428 642 3428 646 3428 646 3428 865 3450 923 3415 927 3415 927 3415 932 3415 932 3415 932 3415 936 3415 936 3415 936 3415 941 3415 1034 3446 1101 3410 1101 3410 1101 3410 1106 3410 1106 3410 1110 3410 1110 3410 1110 3410 1239 3437 1248 3437 1453 3428 1498 3428 1534 3397 1534 3392 1534 3392 1538 3392 1538 3392 1543 3392 1543 3392 1543 3392 1547 3392 1547 3392 1547 3392 1552 3392 1552 3392 1618 3419 1618 3419 1788 3419 1797 3415 1899 3374 1899 3374 1904 3374 1904 3374 1908 3374 1908 3374 1908 3374 1913 3374 2006 3401 2113 3366 2118 3366 2118 3366 2118 3366 2363 3357 2368 3357 2368 3357 2372 3357 2372 3357 2439 3379 2524 3352 2528 3352 2528 3352 2528 3352 2533 3352 2533 3352 2702 3374 2716 3374 2720 3374 2800 3339 2800 3339 2805 3339 2805 3339 2805 3339 2809 3339 2809 3339 2974 3357 3014 3330 3019 3330 3019 3330 3019 3330 3023 3330 3023 3330 3028 3330 3028 3330 3028 3330 3144 3357 3148 3419 3139 3455 2898 3446 2872 3468 2854 3481 2854 3486 2854 3486 2849 3486 2849 3486 2845 3486 2845 3486 2845 3486 2840 3486 2840 3486 2751 3473 2658 3459 2631 3477 2600 3504 2600 3504 2595 3504 2595 3504 2595 3504 2591 3504 2591 3504 2586 3504 2586 3504 2586 3504 2582 3504 2515 3481 2444 3464 2118 3473 2064 3504 2038 3517 2038 3517 2038 3517 2033 3517 2033 3517 2033 3517 2029 3517 2029 3517 2029 3517 2024 3517 2024 3517 2020 3517 2020 3517 2006 3504 1980 3486 1877 3508 1859 3513 1859 3513 1859 3513 1855 3513 1855 3513 1850 3513 1850 3513 1850 3513 1846 3513 1846 3513 1819 3495 1801 3513 1779 3535 1779 3535 1779 3539 1779 3539 1775 3539 1775 3539 1770 3539 1770 3539 1770 3539 1685 3544 1681 3544 1681 3544 1485 3526 1409 3522 1333 3535 1146 3566 1146 3566 1141 3566 1141 3566 1141 3566 1137 3566 1137 3566 1137 3566 1132 3566 1101 3544 1097 3539 1070 3544 985 3562 985 3562 985 3562 981 3562 981 3562 976 3562 976 3562 976 3562 949 3548 936 3544 932 3548 909 3571 909 3571 909 3575 909 3575 905 3575 905 3575 905 3575 900 3575 900 3575 896 3575 495 3566"/></Shape>
	    <String CONTENT="25 Herculeus ſinus in Rggno Neapolitano Caput Sparti¬"
                    HPOS="486"
                    VPOS="3330"
                    WIDTH="2662"
                    HEIGHT="245"></String>
          </TextLine>

          
          
          <TextLine ID="eSc_line_e38c1371"
                    TAGREFS="LT85"
                    BASELINE="722 3637 1717 3606 1757 3597 2078 3562 3095 3526" 
                    HPOS="709"
                    VPOS="3450"
                    WIDTH="2381"
                    HEIGHT="196">
            <Shape><Polygon POINTS="718 3633 709 3571 874 3562 945 3522 945 3522 945 3522 949 3522 949 3522 949 3522 954 3522 954 3522 954 3522 958 3522 958 3522 963 3522 1007 3548 1110 3517 1114 3517 1114 3517 1114 3517 1119 3517 1119 3517 1123 3517 1123 3517 1123 3517 1181 3544 1190 3548 1262 3548 1266 3539 1302 3513 1302 3508 1302 3508 1306 3508 1306 3508 1306 3508 1311 3508 1311 3508 1315 3508 1315 3508 1489 3531 1552 3535 1770 3531 1783 3513 1801 3495 1801 3495 1801 3490 1801 3490 1806 3490 1806 3490 1810 3490 1810 3490 1810 3490 1815 3490 1815 3490 1819 3490 1819 3490 1873 3508 1899 3517 1975 3504 2105 3481 2105 3481 2109 3481 2301 3486 2417 3490 3081 3450 3090 3522 3086 3544 2702 3557 2693 3562 2644 3597 2640 3597 2640 3597 2640 3597 2635 3597 2635 3597 2631 3597 2631 3597 2435 3575 2390 3571 1953 3584 1917 3597 1797 3629 1792 3629 1792 3629 1792 3629 718 3646"/></Shape>
	    <String CONTENT="uenti est, uel Turris Annuntiatae : uirumq. enim ab"
                    HPOS="709"
                    VPOS="3450"
                    WIDTH="2381"
                    HEIGHT="196"></String>
          </TextLine>

          
          
          <TextLine ID="eSc_line_92998bc8"
                    TAGREFS="LT85"
                    BASELINE="740 3744 1618 3727 2051 3669 3090 3651" 
                    HPOS="731"
                    VPOS="3566"
                    WIDTH="2359"
                    HEIGHT="192">
            <Shape><Polygon POINTS="740 3744 731 3669 1088 3624 1088 3624 1092 3624 1092 3624 1097 3624 1097 3624 1097 3624 1101 3624 1101 3624 1132 3651 1137 3651 1329 3651 1346 3642 1395 3615 1395 3615 1395 3615 1400 3615 1400 3615 1404 3615 1404 3615 1409 3615 1409 3615 1409 3615 1449 3633 1467 3642 1748 3637 1761 3620 1792 3597 1792 3593 1792 3593 1797 3593 1797 3593 1801 3593 1801 3593 1801 3593 1806 3593 1806 3593 1810 3593 1810 3593 1873 3615 1877 3620 1877 3615 1899 3597 1899 3593 1899 3593 1904 3593 1904 3593 1904 3593 1908 3593 1908 3593 1908 3593 1913 3593 2127 3606 2163 3606 2229 3602 2479 3575 2479 3575 2484 3575 2484 3575 2488 3575 2488 3575 2528 3588 2568 3602 2631 3584 2662 3575 2666 3575 2666 3575 2666 3575 2671 3575 2671 3575 2675 3575 2675 3575 2675 3575 2680 3575 2680 3575 2680 3580 2684 3580 2693 3588 2698 3580 2711 3571 2711 3566 2711 3566 2716 3566 2716 3566 2716 3566 2720 3566 2720 3566 2724 3566 2724 3566 2724 3566 2729 3566 2729 3566 2756 3580 2787 3593 2800 3575 2809 3571 2809 3566 2809 3566 2814 3566 2814 3566 2814 3566 2818 3566 2818 3566 2823 3566 3081 3566 3090 3651 3086 3664 2898 3669 2894 3673 2863 3700 2863 3704 2858 3704 2858 3704 2858 3704 2854 3704 2854 3704 2854 3704 2849 3704 2849 3704 2845 3704 2760 3678 2747 3678 2635 3682 2301 3709 2296 3709 2140 3704 1998 3700 1989 3709 1962 3736 1962 3736 1962 3740 1962 3740 1957 3740 1957 3740 1953 3740 1953 3740 1953 3740 1948 3740 1948 3740 1948 3740 1944 3740 1944 3740 1886 3713 1868 3704 1850 3718 1806 3744 1801 3744 1801 3744 1801 3744 1797 3744 1797 3744 1792 3744 1792 3744 1792 3744 1703 3727 1659 3749 1659 3749 1659 3749 1654 3749 1654 3749 1654 3749 740 3758"/></Shape>
	    <String CONTENT="eodem aret Collenutio ſcriptum reperio. Sed Iouius"
                    HPOS="731"
                    VPOS="3566"
                    WIDTH="2359"
                    HEIGHT="192"></String>
          </TextLine>

          
          
          <TextLine ID="eSc_line_66105843"
                    TAGREFS="LT85"
                    BASELINE="388 3843 598 3838 722 3856 1516 3838 2609 3758 3166 3744" 
                    HPOS="374"
                    VPOS="3655"
                    WIDTH="2788"
                    HEIGHT="250">
            <Shape><Polygon POINTS="383 3838 374 3789 1650 3758 1690 3736 1734 3718 1734 3718 1739 3718 1739 3718 1739 3718 1743 3718 1957 3727 2096 3731 2109 3722 2131 3704 2131 3700 2131 3700 2136 3700 2136 3700 2140 3700 2140 3700 2140 3700 2145 3700 2145 3700 2252 3713 2274 3718 2278 3713 2301 3695 2301 3691 2301 3691 2305 3691 2305 3691 2305 3691 2310 3691 2310 3691 2310 3691 2979 3687 2997 3660 3001 3660 3001 3655 3001 3655 3005 3655 3005 3655 3005 3655 3010 3655 3010 3655 3010 3655 3014 3655 3014 3655 3157 3682 3162 3740 3162 3758 2582 3771 2573 3785 2546 3811 2546 3811 2546 3816 2546 3816 2542 3816 2542 3816 2542 3816 2537 3816 2537 3816 2533 3816 2533 3816 2533 3816 2528 3816 2528 3816 2528 3816 2479 3789 2461 3780 2439 3789 2372 3825 2372 3825 2372 3825 2368 3825 2368 3825 2363 3825 2363 3825 2363 3825 2359 3825 2359 3825 2354 3825 2354 3825 2319 3798 2314 3794 2310 3798 2252 3829 2252 3829 2252 3829 2247 3829 2247 3829 2247 3829 2100 3838 2096 3838 2096 3838 2096 3838 2091 3838 2091 3838 2029 3811 2020 3807 2011 3811 1926 3843 1926 3843 1922 3843 1922 3843 1922 3847 1409 3847 838 3901 838 3901 833 3901 833 3901 829 3901 704 3869 664 3905 664 3905 660 3905 660 3905 660 3905 655 3905 655 3905 655 3905 651 3905 651 3905 646 3905 646 3905 646 3905 642 3905 642 3905 602 3874 383 3878"/></Shape>
	    <String CONTENT="Spartiuentum olim fuisse Zephyrion promontorium"
                    HPOS="374"
                    VPOS="3655"
                    WIDTH="2788"
                    HEIGHT="250"></String>
          </TextLine>

          
          
          <TextLine ID="eSc_line_d490b2c4"
                    TAGREFS="LT85"
                    BASELINE="731 3999 1895 3950 2782 3878 3148 3878" 
                    HPOS="718"
                    VPOS="3785"
                    WIDTH="2430"
                    HEIGHT="254">
            <Shape><Polygon POINTS="731 3999 718 3936 1150 3887 1150 3887 1155 3887 1155 3887 1257 3901 1302 3869 1306 3869 1306 3869 1306 3869 1311 3869 1311 3869 1311 3869 1315 3869 1315 3869 1320 3869 1320 3869 1391 3896 1565 3856 1565 3856 1565 3856 1569 3856 1569 3856 1712 3878 1734 3851 1739 3851 1739 3847 1739 3847 1743 3847 1743 3847 1743 3847 1748 3847 1748 3847 1752 3847 1752 3847 1752 3847 1882 3869 1904 3843 1908 3843 1908 3838 1908 3838 1913 3838 1913 3838 1913 3838 1917 3838 1917 3838 1922 3838 1922 3838 1922 3838 1926 3838 1926 3838 1989 3865 1989 3865 2163 3856 2461 3843 2658 3798 2658 3798 2658 3798 2662 3798 2662 3798 2666 3798 2666 3798 2666 3798 2671 3798 2707 3825 2912 3785 2912 3785 2912 3785 2916 3785 3148 3807 3148 3878 3148 3892 2675 3905 2662 3918 2644 3936 2644 3936 2640 3936 2640 3936 2640 3936 2635 3936 2635 3936 2635 3936 2631 3936 2631 3936 2626 3936 2626 3936 2626 3936 2595 3923 2582 3914 2426 3918 2368 3932 2167 3972 2167 3972 2167 3972 2163 3972 2163 3972 2038 3950 2033 3950 2033 3950 1966 3981 1966 3981 1966 3981 1962 3981 1962 3981 1743 3994 1739 3994 1739 3994 1739 3994 1734 3994 1659 3972 1623 3999 1618 3999 1618 3999 1618 3999 1614 3999 1614 3999 1614 3999 1610 3999 1610 3999 1605 3999 1516 3976 1409 4003 1404 4003 1404 4003 1400 4003 1400 4003 1257 3990 1159 4025 1159 4025 1155 4025 1155 4025 1150 4025 1150 4025 1150 4025 1146 4025 1065 3999 905 4039 900 4039 900 4039 896 4039 896 4039 726 4012"/></Shape>
	    <String CONTENT="ait, a quo Locri Epizephyrij cognominati. Oliuari"
                    HPOS="718"
                    VPOS="3785"
                    WIDTH="2430"
                    HEIGHT="254"></String>
          </TextLine>

          
          
          <TextLine ID="eSc_line_6dd47e82"
                    TAGREFS="LT85"
                    BASELINE="731 4119 2470 4034 2796 3990 3130 3990" 
                    HPOS="713"
                    VPOS="3896"
                    WIDTH="2417"
                    HEIGHT="241">
            <Shape><Polygon POINTS="731 4119 713 4048 811 4012 811 4012 816 4012 816 4012 820 4012 820 4012 820 4012 825 4012 900 4034 900 4034 905 4034 972 4003 972 4003 976 4003 976 4003 976 4003 981 4003 981 4003 985 4003 985 4003 985 4003 990 4003 990 4003 1021 4025 1025 4030 1324 4021 1337 4008 1364 3985 1364 3985 1369 3985 1369 3985 1369 3985 1373 3985 1373 3985 1373 3985 1378 3985 1378 3985 1471 3999 1502 4003 1529 3994 1601 3972 1605 3972 1605 3972 1605 3972 1610 3972 1748 3981 1864 3990 1966 3967 2051 3950 2051 3950 2051 3950 2055 3950 2055 3950 2055 3950 2060 3950 2060 3950 2060 3950 2064 3950 2078 3958 2105 3976 2221 3976 2412 3941 2493 3927 2493 3927 2497 3927 2497 3927 2497 3927 2501 3927 2501 3927 2501 3927 2515 3932 2551 3950 2568 3932 2568 3927 2573 3927 2573 3927 2573 3923 2573 3923 2577 3923 2577 3923 2582 3923 2582 3923 2582 3923 2586 3923 2586 3923 2622 3927 2724 3941 2832 3914 2849 3909 2854 3909 2854 3909 2858 3909 2858 3909 2876 3909 3028 3932 3117 3896 3130 3990 3126 4030 2876 4016 2551 4039 2533 4057 2524 4065 2524 4070 2524 4070 2519 4070 2519 4070 2519 4070 2515 4070 2515 4070 2515 4070 2319 4079 2314 4079 2314 4079 2314 4079 2310 4079 2310 4079 2283 4070 2256 4057 2087 4061 2069 4079 2051 4092 2051 4092 2047 4092 2047 4092 2047 4092 2042 4092 2042 4092 2038 4092 2038 4092 2038 4092 2033 4092 2033 4092 2033 4092 2029 4092 2011 4079 1998 4070 1859 4088 1694 4106 1694 4106 1690 4106 1690 4106 1690 4106 1685 4106 1650 4097 1632 4088 1623 4097 1605 4110 1605 4115 1605 4115 1601 4115 1601 4115 1601 4115 1596 4115 1596 4115 1596 4115 1592 4115 1592 4115 1587 4115 1587 4115 1587 4115 1583 4115 1560 4101 1547 4092 1391 4097 1382 4106 1364 4123 1364 4128 1364 4128 1360 4128 1360 4128 1360 4128 1355 4128 1355 4128 1351 4128 1351 4128 1351 4128 1346 4128 1293 4110 1284 4106 1279 4110 1266 4128 1262 4128 1262 4132 1262 4132 1257 4132 1257 4132 1257 4132 1253 4132 1253 4132 1253 4137 731 4137"/></Shape>
	    <String CONTENT="us uero, et Munsterus uolunt Zephyrion nunc eſ"
                    HPOS="713"
                    VPOS="3896"
                    WIDTH="2417"
                    HEIGHT="241"></String>
          </TextLine>

          
          
          <TextLine ID="eSc_line_5a85e81c"
                    TAGREFS="LT85"
                    BASELINE="731 4253 1725 4204" 
                    HPOS="709"
                    VPOS="4115"
                    WIDTH="1016"
                    HEIGHT="169">
            <Shape><Polygon POINTS="731 4253 709 4181 758 4146 758 4146 762 4146 762 4146 767 4146 767 4146 767 4146 771 4146 771 4146 905 4168 963 4132 967 4132 967 4132 972 4132 972 4132 972 4132 976 4132 976 4132 1137 4159 1150 4159 1168 4155 1333 4115 1337 4115 1337 4115 1342 4115 1717 4128 1725 4204 1721 4217 731 4284"/></Shape>
	    <String CONTENT="ſe Caput Solis."
                    HPOS="709"
                    VPOS="4115"
                    WIDTH="1016"
                    HEIGHT="169"></String>
          </TextLine>

          
          
          <TextLine ID="eSc_line_6f966295"
                    TAGREFS="LT85"
                    BASELINE="503 4369 1284 4342 2100 4262 3148 4239" 
                    HPOS="486"
                    VPOS="4132"
                    WIDTH="2662"
                    HEIGHT="250">
            <Shape><Polygon POINTS="503 4369 486 4284 584 4244 584 4244 588 4244 588 4244 588 4244 593 4244 593 4244 749 4266 780 4271 1092 4253 1101 4248 1159 4217 1159 4217 1159 4217 1164 4217 1164 4217 1168 4217 1168 4217 1168 4217 1172 4217 1172 4217 1226 4239 1248 4248 1387 4244 1409 4230 1458 4204 1458 4204 1458 4204 1462 4204 1462 4204 1462 4204 1467 4204 1467 4204 1471 4204 1471 4204 1520 4226 1552 4235 1681 4217 1788 4199 1788 4199 1792 4199 1792 4199 1841 4204 1917 4217 1935 4199 1953 4186 1953 4181 1953 4181 1957 4181 1957 4181 1957 4181 1962 4181 1962 4181 2033 4177 2038 4177 2038 4177 2038 4177 2042 4177 2087 4190 2127 4204 2323 4177 2510 4155 2510 4155 2515 4155 2515 4155 2519 4155 2519 4155 2551 4164 2604 4186 2671 4159 2702 4146 2702 4146 2707 4146 2707 4146 2707 4146 2711 4146 2818 4150 3072 4164 3130 4132 3148 4239 3148 4253 2961 4257 2956 4266 2921 4293 2921 4293 2916 4293 2916 4293 2916 4293 2912 4293 2912 4293 2907 4293 2907 4293 2907 4293 2903 4293 2832 4271 2809 4266 2751 4275 2524 4311 2524 4311 2519 4311 2519 4311 2519 4311 2515 4311 2448 4288 2426 4284 2243 4288 2234 4297 2212 4320 2212 4324 2212 4324 2207 4324 2207 4324 2207 4324 2203 4324 2203 4324 2203 4324 2198 4324 2198 4324 2087 4306 2042 4302 1957 4302 1948 4315 1926 4333 1926 4337 1926 4337 1922 4337 1922 4337 1922 4337 1917 4337 1917 4337 1917 4337 1913 4337 1913 4337 1801 4320 1757 4315 1725 4324 1654 4351 1654 4351 1650 4351 1650 4351 1645 4351 1645 4351 1645 4351 1641 4351 1641 4351 1641 4351 1636 4351 1610 4329 1605 4329 1605 4329 1569 4355 1565 4355 1565 4355 1565 4355 1560 4355 1560 4355 1556 4355 1556 4355 1556 4355 1471 4337 1467 4337 1458 4337 1364 4364 1360 4364 1360 4364 1360 4364 503 4382"/></Shape>
	    <String CONTENT="26 Herculis turris in Cyrenaica, Zinayra uulgo dicitur, uel"
                    HPOS="486"
                    VPOS="4132"
                    WIDTH="2662"
                    HEIGHT="250"></String>
          </TextLine>

          
          
          <TextLine ID="eSc_line_25f601ec"
                    TAGREFS="LT85"
                    BASELINE="731 4476 2684 4369" 
                    HPOS="713"
                    VPOS="4271"
                    WIDTH="1971"
                    HEIGHT="254">
            <Shape><Polygon POINTS="731 4476 713 4409 798 4369 798 4369 802 4369 802 4369 802 4369 807 4369 807 4369 807 4369 811 4369 811 4369 816 4369 816 4369 816 4369 842 4395 891 4373 891 4373 896 4373 896 4373 896 4373 900 4373 900 4373 900 4373 905 4373 967 4391 1106 4355 1110 4355 1110 4355 1114 4355 1114 4355 1114 4355 1119 4355 1119 4355 1119 4355 1123 4355 1123 4355 1150 4378 1364 4373 1369 4373 1369 4373 1449 4333 1449 4333 1453 4333 1453 4333 1453 4333 1458 4333 1458 4333 1462 4333 1462 4333 1534 4360 1623 4324 1623 4324 1627 4324 1627 4324 1632 4324 1632 4324 1632 4324 1748 4346 1770 4320 1775 4320 1775 4315 1775 4315 1779 4315 1779 4315 1779 4315 1783 4315 1783 4315 1788 4315 2163 4324 2185 4324 2252 4324 2256 4320 2274 4293 2278 4293 2278 4293 2278 4288 2278 4288 2283 4288 2283 4288 2287 4288 2287 4288 2287 4288 2292 4288 2555 4297 2582 4275 2582 4271 2582 4271 2586 4271 2586 4271 2586 4271 2591 4271 2591 4271 2595 4271 2595 4271 2595 4271 2600 4271 2684 4297 2684 4369 2680 4387 2332 4422 2332 4422 2328 4422 2328 4422 2323 4422 2323 4422 2287 4409 2278 4404 2265 4409 2212 4440 2212 4440 2212 4440 2207 4440 2207 4440 2207 4440 2203 4440 2203 4440 2078 4418 2060 4418 2051 4422 2006 4458 2006 4458 2002 4458 2002 4458 2002 4458 1998 4458 1998 4458 1993 4458 1993 4458 1993 4458 1989 4458 1989 4458 1917 4427 1908 4427 1792 4427 1788 4436 1775 4453 1770 4453 1770 4458 1770 4458 1766 4458 1766 4458 1766 4458 1761 4458 1761 4458 1757 4458 1757 4458 1757 4458 1752 4458 1752 4458 1752 4458 1717 4440 1712 4436 1708 4440 1654 4476 1650 4476 1650 4476 1650 4476 1645 4476 1645 4476 1543 4485 1538 4485 1538 4485 1342 4467 1288 4494 1288 4494 1288 4494 1284 4494 1284 4494 1279 4494 1279 4494 1279 4494 1275 4494 1186 4467 1186 4467 1181 4467 1048 4511 1043 4511 1043 4511 1043 4511 1039 4511 1039 4511 1039 4511 1034 4511 1034 4511 1030 4511 1030 4511 1030 4507 994 4480 811 4525 811 4525 811 4525 807 4525 807 4525 807 4525 802 4525 802 4525 722 4489"/></Shape>
	    <String CONTENT="Camera turris. Ex Munstero, Castaldo"
                    HPOS="713"
                    VPOS="4271"
                    WIDTH="1971"
                    HEIGHT="254"></String>
          </TextLine>

          
        </TextBlock>
        
        <TextBlock HPOS="2969"
                   VPOS="4387"
                   WIDTH="215"
                   HEIGHT="185"
                   ID="eSc_textblock_c309b2d3"
                   TAGREFS="BT100">
          <Shape><Polygon POINTS="3154 4422 3184 4542 2969 4572 3028 4387"/></Shape>
          
          
          <TextLine ID="eSc_line_42354210"
                    TAGREFS="LT85"
                    BASELINE="3010 4489 3130 4498" 
                    HPOS="3001"
                    VPOS="4391"
                    WIDTH="129"
                    HEIGHT="138">
            <Shape><Polygon POINTS="3010 4489 3014 4391 3130 4409 3130 4498 3121 4529 3001 4511"/></Shape>
	    <String CONTENT="He"
                    HPOS="3001"
                    VPOS="4391"
                    WIDTH="129"
                    HEIGHT="138"></String>
          </TextLine>

          
        </TextBlock>
        
        <TextBlock HPOS="1275"
                   VPOS="475"
                   WIDTH="431"
                   HEIGHT="108"
                   ID="eSc_textblock_8afe7810"
                   TAGREFS="BT99">
          <Shape><Polygon POINTS="1295 475 1275 583 1706 583 1677 475"/></Shape>
          
        </TextBlock>
        
        <TextBlock HPOS="2354"
                   VPOS="475"
                   WIDTH="225"
                   HEIGHT="128"
                   ID="eSc_textblock_f5823885"
                   TAGREFS="BT111">
          <Shape><Polygon POINTS="2354 475 2354 603 2579 603 2579 475"/></Shape>
          
        </TextBlock>
        

        
      </PrintSpace>
    </Page>
  </Layout>
</alto>
