3689 5270
720 557 2652 242 291 Aritia Latinocum oppidum patria Actiae Augusti matris Ea

996 685 2350 180 bi filiae ex Iulia Caesaris ſororo, Ritia nunc uocatr

1010 759 2354 202 paruulum oppidum Sabellorum : populi Aritini dicuntu

1005 882 1283 172 a Liuio. Ex Volaterrano.

768 922 2609 254 295 Armenia Asiae prouincia prope Persas ab Aram Sa

1036 1023 2336 224 ilio dicta, uel ab Armenio, quem Rhodium fuisse Stuo

1018 1137 2359 215 bit Antipater intertio de Rhodo, Herodotus uero Te

1018 1273 2337 198 ſalumex Armenio urbe inter pheras, et Larissam

1018 1361 2354 233 regio inter Indum, Paroptamicum, et parthices monic

1032 1471 2336 215 longinudine et, uel e5 M. Stadiorum : Ephesis etiam

1032 1567 2340 198 uocata : duplex q. maior, et minor. Maior est inter

1027 1664 2358 215 Colchos, Cappadociam, Hyrcanium mare, et Mesopu

1036 1774 2354 228 tamiam, ab Iudaeis Ararath uocata, quae proprit

1040 1870 2359 242 est regio Armeniae campestris, pr quam fluit A

1045 1989 2345 228 xes, unde eam Strabo Araxeam planitiem apu

1058 2103 2332 228 lat : dividitur q. in Praefecturas 120, quas Str

1040 2226 2359 220 tegias uocant, est q. longitudine g000 Stadiom, 200

1058 2327 2341 220 latimdine Minor autem Armenia est inter Capi

1062 2459 2345 219 padociam, Euphratem, et Taurum montem : et a

1058 2551 2354 233 pellatur Leucosyria, ab Apollodoro Assyria, ab ab

1062 2687 2354 242 Syria a Syro Apollinis ex Sinope filio : itta tanm

1062 2815 2350 224 ut Syria pars eius fuerit prope Alyn fluuiu

1071 2924 2336 251 fluentem inter Syros, et Paphlagones in Euxinun

1058 3065 2367 198 Dicebatur etiam Cilicia a Cilice Agenoris filio, e

1067 3197 2345 210 populi Cilices, prius Hypachaei, Ari ab Aoo Co

1062 3315 2354 215 phali fluuij praeter fluentis filio, et Tharsi a Te

1075 3447 2350 224 50 Iapheti : quae prouincia cum Pamphylia nunc Ca⟩

1067 3583 2367 202 ramania appellatur. Ciliciae autem, quae est extr

1102 3710 2323 189 Taurum montem pars Tracheia, et Trachesotis

1089 3851 2340 167 pars Campestris, Pedias uè nuncupatur. Illa a

1124 3956 2314 163 Tauro usq. ad loca circa Isaura est ihaec a Coe

1084 4075 2363 162 cesio, Solis, et Tarso ad Issum : incolae Traches

1097 4198 2337 140 tae, et pediani uocantur. Alij nero in quatuor

1111 4295 2310 162 partos diuisere Armeniam ipsam Heptaptolin,

1111 4409 2354 232 petapolia, Hexapolin, etzophanem, quae Barbr
