3698 5310
1213 531 2334 177 narica dicta a Marmaridibus populis, qui eam cun

1222 659 2356 159 Adirmachidis, et Mareotis tenent i nunc Tenia. Ex

1204 756 881 151 plinio, Munstero.

1169 792 2413 216 Dareotis, et Maraeotis palus Algxandriae Subiacens :sui

1231 933 2356 146 potes a Plinie dicitur, uel Rhacaotes, a Strabone Maria

1244 1031 2356 150 lacus, a Stephano Marea : unde fuit uinum Mareo

1226 1137 1130 115 te. Ex illis, Parrhasio

907 1172 2689 177 37 Mariaria uilla L Murenaee a Turratina XIt Mp¬

1209 1318 2387 124 ſtans :. Marinum oppidum est : quod alij uolunt fuisse E⟩

1217 1385 2383 137 mum, uel urbom Lamiam dictam a Lamia Beli, Liby

1200 1486 2400 164 què filia, quam Iupiter in Italiam transtulit. Ex Ban⟩

1226 1601 514 120 do, Vrino

921 1668 2652 155 38 Marianus Baeticae mons,, Sierra Murena uocatur,

1240 1778 2351 155 Mons Viccoriae, et Saltus Castulonensis, ubi P. Cor

1231 1876 2325 150 nelius, Scipio castra posuit. Ex Boutero, Aretio.

952 1982 2635 181 39 Maricorum castrum in dtalia, Maringiest. Ex Declar

1235 2101 935 111 tione urbium Italiae.

947 2177 2649 154 40 Maridunum Demetarum opp. in Britannia, Caerae

1240 2283 2342 177 den uocatur a Munstero, ub, louio Caermardimum

965 2420 2622 137 41 Marionis Germaniae Ciuitais in Saxonia, Lunebus

1217 2508 1466 138 uel Sberir est. Ex Munstero.

961 2584 2630 177 42 Maris fluuius apud Hecodotum, a Plinio Amorois, ueb

1235 2712 2365 142 Rhabo dicitur, a STacito Marus, nunic Marisius in

1248 2849 953 137 Dacia. Ex Lazio.

978 2920 2622 173 43 Maritima Colonia urbs Anatilorum in Gallia Nae

1248 3062 1945 159 bonensi, Martegue est. Ex Munstero.

983 3146 2608 199 42 Marlebrigium Britanniae opp. Malmilburis diciuuu

1231 3265 629 182 Ex Polydoro

2369 3301 217 132 nel

1014 3380 2590 177 45 Maronea Thrariae urbs : ortaguren etiam uocata

1244 3491 700 177 fuit. Ex Pinnio

1009 3624 2595 177 46 Marprsiae Saxum in Caucuso monte, ubi Marpesia un A

1235 3743 2374 173 mazonibus regnauit, indeq. Asiam inuasit postea iba

1235 3854 2361 168 ab Alexandro Portae Caucasiae, magno etrrore a mubucs

1253 3947 2347 172 Caspiae appellatae, constructae, ne Scythae Asiano

1253 4057 2347 186 inuaderent : quas aliquando Lazicustodierunt p⟨a⟩

1253 4172 1541 177 Romanis. Ex Plinio, procopio.

1009 4287 2600 160 17 Marrhubij Italiae populi circa Fucinum lacum : Marsi

1271 4398 2333 181 postea appellati, quos Medea remedià docuit conu
