3681 5350
2427 454 165 116 78

682 535 625 133 Liber Nonus

548 664 2602 151 1 Iacca Hispaniae urbs al Iaccho conditur dicta, qui Bacchus

687 771 2387 147 est, Mentisa etiam, nunc Iacea, uulgoq. Iaceo, quo

700 887 2400 125 niam Mauri rerum copiam Iaenem uocant : Est e¬

696 962 2445 157 nim urbs abundans. A qua fortasse Iaccetaní populi

696 1052 2467 169 dicuntur, quos Plinius Lacetanos appellauit. Ex Ptole

700 1172 1794 107 maeo, Beutero, Marimeo, Munsſtero

450 1226 2575 156 2 Iadera Colonia in Illyrici ora maritima, Zara est pro

691 1333 2378 178 qua Veneti multa bella gessere cum Pammonijs. Ex

718 1466 901 143 Sabellico, Munsſtero

441 1457 2731 259 3 Iagath in Mauritania Tingitana opp. Targa dr Ex Munsſter

459 1573 2664 241 4 Iamna urbs in minori Balearum : nunc ē ciuitatella,

691 1694 2472 205 et Cittadella : quam Turcae, et Galli obsedere anno 1558

696 1778 2445 214 fortissimè eam tuentibus ciuibus, et Hispanis mititi¬

722 1921 1682 174 bus. Ex Episcopo Gerundensi, Beutero

504 1975 2538 254 5 Ianaſus, Tanasus ue apud Melam locus est in Hispa

727 2068 2391 259 nia, qui nunc : Sanctus Iacobus in Compostella dí

718 2189 2436 231 citur ab Hespero Stella, quam Compotem uocant

722 2296 2414 258 quem locum Ptolemaeus apellasse uidetur Flauium

736 2380 2449 308 Brigantium, quem allij dici aiunt portum Crumarís

754 2559 1615 218 Ex oliumrio, Munsſtero, Castaldo

428 2612 2704 285 6 Iaolus urbs Thessaliae ab Iaoluo filiò Amyrae, Iolaus

740 2737 2374 241 etiam dicitur, sicut a Stephano uocantur ille Amyrae

731 2880 1446 223 filius. Ex Stephano ieso, Eustathio

508 3004 2624 197 7 Iapygia Italiae promontorium, Salentine etiam a

745 3089 2387 232 Ptolemaeo appellatum, a Mela Salen à Salentinis

749 3210 2409 245 populis, qui ex Creta, et ex Illyrico  eò accessere, nunc

762 3325 2356 214 a Munsſtero dicitur Sancta Maria de leuca, a Ca

771 3499 1049 174 statdo caput Otronti.

499 3539 2717 246 8 Iapyx oppidum Italiae a Daedali Filio nuncupatum, Barion

762 3678 2472 209 postea dicum, Baris, Beretus, uel Veretus, Baretium

754 3807 2507 192 a Theopompo, ab Herodoto Vria, Siue Hyria a creten¬

754 3918 2476 174 sibus conditum,  Salapia ab alijs, Aulonia, et Bare

767 4030 2356 174 nunc Bari. Ex Strabone, Plino, Solino, Stephano,

771 4146 804 147 Niceta, Munsſtero

526 4159 2677 236 9 Iasonium Cappadociae promontorium, Sanctus Thoma

812 4337 825 157 est. Ex  Munsſtero

571 4351 2686 214 10 Iatinum Meldarum opp. in Gallia Lugdunensi, Meaulx uo

3105 4467 129 102 ca
