4045 5288
1226 502 2602 176 37 Fbusci populi Germaniae inter Adulam montem, Danabium, et Bi⟩

1367 643 2470 128 Curetes, uel Curenses appellati, Rhaeti etiam, quod habuerin on

1398 718 2448 150 nenm a Rhaetis Tyrrhenis : popie ſcunt, qinunc Cchuruualeheadict

1424 819 1522 146 tur. Ex Ptolenaeo, Stephano, Ægidio

1248 903 2563 159 88  hybris fluuius Siciliae, uitus nentio est apud Theocritunr

1460 1009 2364 141 quem Herculem fabulantus praecipites dedisse aliquas px ua

1490 1114 2343 115 erethrijs : ab Asclepiade Dymbris dicitur. A quo Apollo The

1486 1194 2351 154 braeus, et Thymbrius, et apud Hellanicum Bymbrius. Ex Si

1499 1304 2065 150 lijs in Theocritum, Zarharia Calliergo, Stephano

1442 1392 2369 167 Tiariulia Ilercaonum urbs in Hispania Teruel est. Ex Mur

1301 1511 2523 172 90 Tiberiacum opp. in Gollia Tegata, Sabium, et Adcab

1521 1626 2171 141 dictum, nunc Bagnacana llum. Ex Blondo, Leando

1318 1714 2493 185 91 Tibur opp. in Latio, Tiburis ab Artemidoo in quartue

1565 1855 2246 145 phiae nuncupatum, cib alijs Tibyra, a Strabune Tiburcae

1588 1943 1279 141 Tiuoliest. Ex ipsis, Munſtero

1296 2053 2537 181 92 iburia, uel Triburia Germaniae opp. Fur lurgum est n

1535 2176 895 146 xonia. Ex crantzio

1301 2251 2536 181 93 Ficanor Insua inter Curcyram, et phariam, Trucula p

1530 2401 882 141 dicta. Ex Hermolao.

1336 2463 2484 185 22 licinum Insubrum urbs in Italia a ſlunio uocata, a Sa

1504 2604 2316 141 Saluijsue condta ,ut ait Liuius : uela Leuis, et Maris

1517 2701 2316 150 u credidic Plinius; Seu ab Insubribus, et Bois, ut Eute

1517 2802 2311 150 p0 Placrt. postea Papia dicta à Papio Gallorum Duce

1517 2895 2320 150 ut Pancisums petrarca trudidit, a pape qudd quas admic

1504 2978 2338 163 bilis Sit : ab Attila diruta ;cb Odoacre direpta, oreste A

1067 3075 2766 168 Augustuli g ſt patre ibi perenmpto : a pannorijss igne consumpta : ab

1482 3177 2342 145 Ioanne Galeatrio Vicetomite miri epxornata : Tandem

1490 3274 2352 149 lis direpta, propter Funcisum eorum Rgris qui in huict

1446 3379 2396 111 urboi obsidrone a Caisariani capus fuecatno M DXX

1415 3481 2413 128 ilis, Luithptrano, Bosio, Rictobutdo, Blondo, Scbelico

1477 3578 256 150 Iouio

1288 3617 2558 199 95 Lifuta Italiae montes ſunt ubi est Caserta, et Magdacm in,

1473 3741 1636 145 Inuti. Ex Declaratione etrbium Italia

1274 3829 2546 185 96 Tifernum Vmbrorum opp. in Italia est ciuitus Casteilt. Ex

1429 3926 617 145 Volaterro

1243 4014 2577 181 97 ignium Itulia opp. in piceno, Tenna etiam dictu, nua

1464 4151 1870 154 phancta Maria in Gergio. Ex Blondo

1270 4221 2558 172 98 Higranocerta Armeniae urbs a Tierane Rege Armori

1486 4331 2342 207 ppellcta, ut quadratus aibenunc Sulthania Ex Sstphn

1504 4424 163 136 Ipouo
