3681 5350
548 548 2356 223 nis, Thaleus, phoylilis, e Temethei citharniiyx insipuia

544 699 2280 152 et ocuoginta urbium genitrix. Ex Strabone, Velleit

544 806 1575 165 Plinio, Stephano, Varino, Munstero

294 900 2008 161 12 Minidurum Galliae opp. Mildin est. Ex tats

2302 887 616 205 3ne. Ex leadono

303 998 1999 170 113 M inio Æthrariae fluuius, uulgo dicitur Mugi Ex

307 1061 2637 191 114 Minius Hispaniae fluuius magodiaudine superans omnes, qui ſunus

544 1150 2409 183 in Lusitania, Baenis etiam dicctus, est Migno. Ex Strab Mun

321 1243 2565 174 115 Minturnae opp. in Latio Marij latebris insignn, Mentyrna

562 1315 2387 174 dictum a Deonysio in decimo Sexto Antegustatum, nunc Tra

575 1413 1847 165 iectum uocatur. Ex Stephano, Volaterrano

321 1457 2614 228 116 Miosormos ad mare Eeythraeuse urbs, cosir est. Ex Rharmn

2819 1515 94 130 b

330 1573 2186 183 117 Mirtylis Hispaniae opp. Vaena dicitur. Ex Ooliuan

321 1613 2570 223 118 Mocontiacum in Gallia Belgica opp. Maguntia est, et ab

593 1734 1700 183 Italis dicitur Maganza. Ex Volaterrano

325 1814 2383 178 119 Modiris Indiae Cuitas, Anor uocatur. Ex Rhamnusco

325 1881 2628 214 220 Modonus Hyberniae fluuius, Suinus est in Momonia rer

566 2046 727 102 nione. Ex Iouio

348 1966 2614 303 12 Mddoti emporium in Iusula Tapobane, pinder dicitucr. Ex

602 2224 384 130 Munstero

383 2162 2561 294 12 Moesiu, Eysia ueiu est apud Graecos, olim dcbatur tegio on

611 2273 2342 232 nis inter Danubis ripas, et Æmi montis latera pterpe

602 2358 2347 236 tuo utrorunq. cursu a Saui confluente in Danrbium

615 2443 2347 272 usquequo Æmus defernur in pontum : n populi Æysi

624 2536 2365 254 utc at ab Homero dicuntur, et Getae uocabantur : qui pos

624 2666 2307 209 modum dciersa nomina acepere, Dardanij nempe di

2708 2777 102 89 ro

638 2764 2106 223 cti, Triballi, aliterq. postea prouincia a Saur

2806 2759 125 210 ui

638 2866 2253 214 ter Istrum, Macedoniam, et Thraciam Moesia dictar

629 2951 2262 259 quae duplex est ſuperior, et inferior : Superior est

629 3049 2378 254 a confluente Danubij, et Saui ad Macedoniae montes

642 3138 2369 263 et ad nnnem Ciabrum, ubi nunc est Seruia a Set

646 3236 2356 245 bis populis dicta, qui aliò nomine Chrobati uocabar

642 3330 2374 250 tur, et Crabatorij : a Turus in Bosnaum, et Rascian

651 3419 2338 268 diuisa : Bosna quidem citra Drinum fluuium exstenter

633 3539 2369 259 Rascia cero trans ipsum, fortasse dcttu∧a Rhaxyatis pro

646 3646 2347 241 pulis, quos nominat Strabo. Inferior utro Moesia est a

642 3718 2374 285 Ciabro, et Danulaig, usq. ad Pontum inter Tyram fluuium

646 3811 2419 281 et Thraciam, ub∧ Slgona est, uel Sagaria Valachiae puos

629 3923 2342 263 Carabogdona dicta a nigro frumnto. Ihopuli a Niceta

642 4016 2387 268 Blachi uocantur, illi nuxinè, qui ad Æmum ſunt. Ex Stro

638 4132 2342 246 bone, Ptolemaeo, Zonara, Eustathio, Bonfio, Munstero

406 4208 2645 263 123 Mogonciacum opp. in Gallia Togata, Modoetia eEx Merula

406 4306 2712 254 124 Molochath Aphricce fluuius inter Regna Bocchi et Iugurtha

704 4431 1825 223 Sallustio, Mela, Plinoq. Mulucha dicitur
