3681 5350
611 548 749 201 nt axilio conhe

1405 512 1606 232 nueesictuis capeis camaena

606 704 2347 134 aede Camoenarum extra eam a M fuluio Nobiliore

633 784 2311 134 poſita : nunc : porta Sancti Stephani. prope quam

620 864 2025 152 duobus M. P. Annibal castra metatus fuit

624 954 2360 124 Trigemina in Auentino, qua Horatij Hrgemini ege

624 1034 2253 143 ſi fuede aduersus Curiatios : ubi Cacus Sabitauit

611 1127 2427 139 Hanc Claudius ultra Auentinum transtulit : Oſtier

664 1217 2008 133 s a uia appellata nunc porta Sancci pauli

615 1292 2414 143 Naualis trans Tiberim a proxima nauium ſatione

629 1373 1775 147 etiam dicta portuensis a uia portuensi

651 1466 1156 125 Ianicularis ab Ianiculo¬

655 1462 2334 218 Septiniana a L Septinio Seuero : antea fontinali

642 1618 1535 129 nopter fontinalia fontium ſatra

611 1658 1999 196 Colles cutem, quos foma complectitur, ſunt

629 1725 2355 223 Palatinus a palantio Euandri : ul ab Abori ginibus

646 1827 2370 192 qui ex palatio agri Reatini ibi conſederunt: uel a Pa

615 1890 2405 223 latia Hyperborei filia matre, uel uxore Latini : uel à Lea⟩

624 1992 2414 205 latu ouium, quae ibi paſcebantur : uel a Palante Euan

606 2077 2432 205 dri filo : nunc Palatium maius, ubi fuit Romuli prima

620 2175 2387 214 ſedes, Sedes itm Imperij Romani, domus q. palatina, in

638 2269 2391 205 qua habicauit Augustus, a Tiberio, caeteris q. Impera

624 2371 2401 197 toribus aucta, usq. ad Valentiniani Tertij fmperatons

629 2474 2396 165 ia fua ⸤ tempora in ſua Maiestate manens, tunc ea

633 2563 1901 169 nim habitari deſita, nunc inruinis iacet

624 2630 2414 174 Capitolium a Capite Toli inuento cum Iouis Capito.

629 2719 2422 187 lini templum conderetur Tarpetus a Tarpeta Vestabi

633 2817 2414 183 Sabinis clypeis oppressa, ibiq. sepulta : Saturnius

633 2897 2365 183 a Saturnia opp. anliquo inhoc monte a Saturno

633 2982 2369 183 condito. T. Tatij ſedes : ubi adhuc degunt Reip. Ro

129 3098 1504 169 dcus Capetolicminanae Magistratus a

294 3103 2753 240 ſubio, Coelius a Coele, Coelious Vibeno Tusco, qui in au¬

214 3232 2837 200 capetoliea xilium Romuli uenisse dicitur contra Sabinos : que

633 3317 2418 209 quetulanus quod quercubus conſitus erat : in quo ul

642 3419 2409 210 timis annis habitauis Tullus Hostilius : et ubi nunc

642 3508 2454 236 est Cateranensis Basilica inſignis a constantino Mas

646 3673 665 161 gno condita.

664 3660 2392 272 ſanicalum, et Ianicularis ab Ianiculo oppido, quod Ianus in

673 3762 2352 263 ipso condidit, quodq. Antipolis olim fuit : uel ab Iano

664 3874 2356 267 ibi Sepulto : uel quod per eum populus No. primum ee

669 3994 2293 232 rit in agrum Æthruscum inunc a flauis arems

655 4083 2325 246 dicitur Montorius : abi Numae Regis, et Cacilij poetae

664 4190 2396 228 fuere Sepulchra ubi porsenna castra habuit : in qu

669 4382 388 143 aliquam

1235 4288 1861 286 ls ſiuousa cstutono oinnturre

664 4494 344 142 uocata
