3532 5270
1519 491 312 180 Liber

900 606 2421 224 nontium appellata, a philolpho Odrysa, odeysiauì Odr

887 724 2420 211 ſarum metropolis. Ex ellis, Plinio, Hermolao, Sophiano.

821 838 2539 194 Adrianoptolis altera in ea regione fuit, Orestias dicta ab

878 939 2473 207 oreste Agamemnonis flo, ptolemaei Lagi patria. Ex

883 1062 812 189 Stephano, Niceta.

575 1119 2732 238 48 Adrunittus Aphricae opp. Ptolemaeo, Adrametum procopio

891 1242 2504 207 Adruma Straboni, Adrymes Stephano, a quodam Adi,

896 1374 2455 163 meto dictum, postea Iustiniana, nunc a nobis Aphri

904 1488 2483 180 ca, a Poenis ipsis Mahemedia, annis ſuperioribus car

913 1616 2438 171 li quinti Caesaris auspicijs ex pyratarum manibus e

909 1708 2412 176 reptum, et euerſum. Alij Aphricam oppidum ipſum dicuente

887 1813 2420 189 fuisse Aphrodiſium, alij Leytim paruam, quam Silius

918 1919 2411 167 Sarranam appellauit a Sarranis Phoeniciae populis

926 2006 2364 181 et Adrumittum esse Mahemediam. Aphrodiſium certe

931 2125 2447 167 Adrumittus, et Leptis ipsa parua propinquae adeo ſibi

909 2230 2469 181 inuicem urbes fuere, ue facilè diuersi auctores idem

918 2345 2170 175 oppidum esse crediderint. Ex illis, Munstero, Iouio.

641 2459 2724 193 49 Aduatici Galliae populi Bosleducenses ſunt, uel Brabantij, ut

918 2586 2447 171 aliqui dicunt. Mibi uero Brabantij uidentur fuisse i0n

931 2696 2464 193 gri, alijs autem Ambuariti, Ambiuariti, Ambuaretius

922 2850 1388 145 Ex Marliano, Volaterrano.

694 2933 2714 185 50 Adulae montis culmen in Rhaeticis Lepontijs alpibus, Man

935 3047 2460 172 graius ab Iouio dicitur, a Volaterrano Bralius, a Rhae

926 3166 1270 171 tis ipsis Vogel. Ex Ægidio

663 3271 2745 185 51 Adale, Adulis, et ⟦e⟦si Æthiopiae urbs esse creditur Ercoc

935 3368 2456 184 cum ad mare Erythraeum. Hanc aliqui panis Insulam

940 3495 2438 180 uocant. Ex Io Baptista Rhamnusio Venetr optimo, do

935 3645 743 149 ctiſsimoq. uiro¬

658 3715 2742 206 52 Æculanum Italiae opp. in mediterraneis Irpinorum, Eca

931 3829 2425 171 na etiam dictum , nunc Troia. Quam alij condidiſse

926 3939 2482 180 ſcribunt Bubaganum Graecum ubi fuere Castra Ann

944 4062 1832 171 balis in Samnio. Ex Collenutio, Blondo

672 4150 2763 224 53 Ædessa Macedoniae opp. Moglena, ſen Vodena est. Ex Sophio

3250 4255 172 145 nr

694 4299 2587 176 54 Æga, Ægae, et Æx Scopulus est caprae specie in

909 4400 2495 220 tra Tenedum, et chium, quo loco nemo propter Spe

3224 4497 206 105 ctrat

729 4606 2675 176 55 Æanitis Nabataeorum regio in Arabia, cuius meminit Vranicu

953 4721 2420 175 ia Secundo rerum Arabicarum : a Sophocle Æantis dicitu

962 4800 553 145 Ex Stephano
