3532 5270
1616 553 281 189 Liber

676 698 2693 211 32 Acrasas Siciliae oppidum Ionum colonia, a fluuio prete

997 834 2376 149 traente dictum (ouris enim testatur multas urbes in

988 917 2420 180 Sicilia habere nonmen a fluuijs) uel ab Acrage regio

966 1018 2460 172 ne fertilissima, uel ab Acragante Iouis filio, Agrig

957 1124 2408 193 gentum à Latinis, Minoia olim, quòd Minos Daedo

984 1234 2381 224 um ſecutus ero appulerit : nunc Gergentum, phala

962 1365 2425 194 pridis tyrannide oppressum, et nobilibus equis elarcu

970 1484 2447 167 unde à poëta Generator equorum dicitur, quibus

979 1594 2381 184 etiam Agrigentini ſepulchra ponebant. Ex Polybio

979 1699 1577 189 Plinio, Solino, Stephano, Oliuario

724 1809 2698 197 33 Acrath Aphricae urbs in Mauritania Tingitana, Alſea

702 2002 2671 207 34 Acroceraunij montes in Epiru, Ceraunij quoq. dicti,

962 1941 1322 127 ma iam est. Ex Munstero.

962 2143 992 145 Cimmeriaci. Ex eodem

764 2178 2631 206 35 Acron urbs palaestine in tribu Dan, Accaron appeli

962 2327 795 154 tur. Ex Roberto

742 2380 2653 189 36 Acroni Insula in Acronio lacu, Richenauuest. Ex Lazia

746 2520 2645 172 37 Acte, et Actaea regio Graeciae maritima, ab Actae

962 2626 2416 171 Actaeoneue Rege dicta, uel quod eius pars maia

1001 2740 2372 167 alni ſit, hoc est littus : a Mopsopo Mopsopia, a

988 2845 2425 198 Cranao Eranaë appellata, ab Ogyge ogy qia, Ion

988 2951 2434 224 ab Ione Apollinis, uel Xuthi filio, Tanantia ui

984 3078 2424 189 cata ab Apollodoro, postea Atthis ab Atthide cra

984 3192 2341 224 nai filia, Actica, et Attica : in qua fuere populs

988 3311 2372 206 centum ſeptungidta quatuor : ex quibus illustrem

984 3412 2411 206 memoriam habuere Aphidnae propter Helenam

1001 3530 2403 198 eruatam : Marathon propter persicum certamen

992 3667 2381 175 Rhamnus propter Nemesis ſtatuam phidiae opus

1001 3781 2403 189 ecelesa ſedes belli peloponneſiaci : Academia propt

1014 3904 2416 197 hilosophos : Anaphlystus propter Veneris Kcolcadla

992 4035 2443 216 templum, et propternaufragia persica. Ex Callima

988 4150 2420 202 cho, Cbharace, Strabene, Stephano, Isaacio, Eusta¬

979 4281 694 141 thio, Varino.

724 4356 2671 250 38 Acudistatella Italiae oppidulum prope Dertonem apurd

1001 4479 2263 242 Strabonem, a Plinio dicitur Aquae Statyellorum

3149 4663 233 141 Acu
