3681 5350
495 548 2565 223 Pastunium Germania oppidum, Deytingen dicitur. Ex L zi

481 717 2530 134 Neritis, et Hericus cherrsonesus Acarpanae opera accolarum

642 784 2387 134 cbſciash a cntinenti, ei tgmen reddita uentorum flatu n

669 878 2333 125 eriem arena cumulanli: Leucas et leucdia poite

1070 936 1901 125 aleucadio filo Icari frcure penelopos : nun

794 949 236 161 ellaca

638 1012 2333 169 Slopellus amoena, opacae, et uitfera. Ex Plinio, Eusta thio, V⟨⟩

660 1132 517 120 ino, Bordom

428 1136 2588 192 31 Neritum opp. inLeucadia, Leucas poſtea uocatem, nnc Sa

1097 1270 848 112 1Ex Plinio, Sabella

1017 1275 2052 182 eiliciae oppidum, ſrenopolis inde dicta. Ex Thodoreto

423 1373 2633 223 33 Neruis Galliae popui Belgarum fonissimi, Tornacenses ſut

812 1475 2199 152 Tornai oppdo, quod Baeanum fuit Fulluntur uero

646 1547 2401 178 qui credunt eos Nerusios appllatos, quoniam Nerusij ſii

660 1631 2324 179 Itali in alpibus maqpitimis. Ex Caesan, Munstero

441 1720 2588 183 34 Neſaeas Hippus locrs, enter Susianam, et Bactrianam

682 1814 2298 169 nope Stegonam, a Graecis Nesus appellatur : in qur

642 1868 2342 205 oricintur equi flaui colocitate praestantissinmi Vpsnig

660 1988 1164 156 cocnominati. Ex Varino

477 2015 2525 249 1 Nesdis Thraciae ⟦flerius, Nestus eti am dictus ( quanus

785 2108 2253 210 emidorus Nestum in Illycico colloce ) inſamis otb ha

655 2220 2329 214 ppites, quos Diomedes devorandos epuabus nrudeb

673 2296 2356 222 Cissara nunc est. Ex Hescodo, Stephano, Itineraio

691 2492 375 111 Byzantia

1151 2407 1905 232 phruciaea Hesto fluuio uocm : Naessus, et

481 2523 567 156 Nestus urb

1293 2487 1767 254 dicta patria constantini Caecaris. Ex Se

544 2603 2539 259 Neustria calliae prouincia, Vuestricha quoq. nuncupat

2931 2683 129 223 do

669 2701 2280 223 ubi Romandyes uidentur fuisse, uel Biducesss : nun aed

678 2808 2262 214 Normandia a permanis dicta, qui ex Horuagia

678 2880 2391 214 re in Galliam Rollone Duce, hancqi prouinciam accepo

664 2973 2414 237 rt a Cauoo Simplice Rege. Nam Norungiae incota

678 3058 2431 236 Norungienses, Normani, et Norici dicuntur a Sxon

669 3147 2463 254 Dano. Ex Pauto Aylio, Volaterrano, Beaco Rhenam

673 3348 469 138 Munstero.

455 3285 2645 295 38 Nicaa Massiliensium cobnia n Italia, Nizza est, praeclan

700 3392 2418 241 conurentu, colloguio q. Caroli Quinti Caesaris, trancisu Galo

704 3486 2401 245 rum Regis, et pauli Tertij pont. Max. pro paue cons

740 3602 1861 209 enda anno 1535. E Strabone, oliuario

575 3651 2552 263 Nlicia fluuius in Gallia, Togata, Trebia alio nomine

709 3749 2383 236 ntus prope oppidum Fidentiolam, Nura est acuctur M

696 3869 2284 205 rula, uel, ut Leander ait, Lencia propt parmam

495 3909 2601 264 40 Nicij metropolis in Ægypto, a Strabon Nicij Luicus, al

704 4030 2356 209 Aristagora in Ægyptiacorum secunb Nicij pagus dictr

704 4128 2129 187 nunc fuca. Ex Srrabone, Stephano, Munſtero

490 4186 2597 232 tiNicopolis ad Æmum urbs Moesiae, Schiltancm dicitur

722 4288 2374 206 qur luco Sigismundus Caesara Turcis ingenti chra

731 4373 2227 201 ttianorum clade seperatus fuit. Ex Auentino

691 4444 2476 250 idrosia urbos Scandiae pcudheym est in Norungiae. Ex

754 4614 339 156 Htomer
