3698 5413
1232 622 2348 185 Hterulis disſtans, quantum Canhago, Argin est. Ex Iito

1241 757 1237 145 prete Nauigationis Hunnonis

988 739 2068 239 169 Ceronia Epri opp. nunc Cerino. Ex Sabellico

1020 866 2429 194 185 Cersunum Corsicae urbs, Nebium dicitur. Ex Munstero

1011 974 2569 153 169 Ceruia Insula Italiae in foro Iulio, Rouedula uocatur. Ex tt

1029 1064 2547 153 18 Cesennia Samnitum opp. in Italia, ctius tanmquadm uilis

1232 1159 2357 135 meminit Cicero ad Tironem Scribens, Cesentia nunc

1246 1249 1372 140 dicitur in Aprutio. Ex Leandro

1024 1294 2565 190 114Cessero in Narbonensi Gallia opp. Castres est. Ex Robero

1047 1420 2542 145 165 Cestrinia urbs Thesprotiae a Cestrino Heleni filio, pee

1232 1511 2348 167 mi nepote condita, Cammania postea uocata. Ex ste

1192 1619 2388 131 Cestria, et Cestrine ab ea urbe uocata fue pars e

1237 1696 2343 166 Epiri, quae Chaonia etiam nuncupttur, quae Secnndum

1246 1795 2357 180 Hellanricum medietas fuit ipsius Epiri : ubi bouesp

1241 1899 2357 189 ſtantes ſunnt, Cestrinici cognomnati. Ex Steph, Varis

1002 2011 2596 176 166 eteij Mediae populi, Budeij postra dicci fuere to Vuriau

1015 2124 2583 158 167 Cetium opp. pannoniae a Cetio monte uocatum, AHtilae

1237 2219 2370 158 temporibus dicebatur Ceizenmater, inde Cezenmnni

1246 2327 2059 158 nunc Zerslmau, uel Coisnmotur. Ex Lazio

1047 2413 2556 185 168 Cetius mons prope Danubium inter Pumroniam, et Nean⟩

1250 2539 2357 153 cum, Comagenus etiam dictus, alpes Celticae, et

1264 2638 2348 167 Galatarum , nuncs Calemberg, uel potius chamnpe

1250 2738 1644 166 in Austria. Ex Roberto, Lazio

1043 2832 2564 167 16 Chalcedon Bithyniae urbs Megarensium colonia in

1259 2941 2357 175 ponti contra Byzantium a fluuio dicta, Procer

1255 3067 2361 167 ſtis etiam, c ompusa, ab incoes Galaeta, nunc St

1264 3175 2357 153 tari. Sunt qui cedunt hos Ciues a Diuo Paulo Gab

1255 3297 2357 180 tas appellatos fuisse, ad quos etiam Suripserit, quoa

1264 3428 2348 167 insensatos uocauerit propter antiquum oraculum, qu

1264 3541 2348 166 caeci appellati fuere, q cum urbem condentes Byzari

1246 3662 2375 172 opposici littoris felicitatem non uiderint. Ex Stepho

1264 3780 1196 148 Sabellico, Vadiano, Iouio

1024 3861 2588 180 16 halcis Euboeae menopulis Atheniensium colonia, a C

1255 3992 2366 185 be (ut etiam apud Stephanum legendum est) ſilin

1268 4113 2353 181 sopi, et Chalcidis uocata, uel quòd hic primum inca

1264 4258 2361 171 ta Sio Xartopy, cia aeraria ſcilicet ars. Euboc

1268 4370 2353 181 pospterioribus temporibus dicta, Stymphelus, et Alica

1259 4488 2357 203 na, nunc Negroponte, ut et Insula. Ex Stphano, E⟩
