3666 5350
606 677 2453 183 uel potius Gallonais in Scotia. Ex Polydoro, Munstero

285 762 2872 205 133 Brigantia urbs Lasitaniae, Berganza, Berigantia, et Bragan

637 905 1160 111 za dicitur. Ex Boutero a

316 913 2814 197 134 Brigantinus, Venetus, et podamicus lacus est in Germania

619 989 2458 205 a Rheno factus, uulgo Bodensee, nunc Costantiensis

619 1092 2436 214 ab urbe appellatus prope quem est Lacus minor

619 1168 2427 240 Acronius nuncuopatus, qui ab oppido Cella Rodolphi

619 1270 2485 241 Cellensis lacus ab incolis dicitur. Ex Mela, Volaterra

646 1408 1637 174 no, Vadiano, Nauclero, Munstero

361 1475 2640 245 135 Brignntium Rhaeitia opp pregnisz, uel Pregnacz est. Ex

637 1618 999 160 Irenico, Munstero.

597 1600 2524 290 Hrigantium Segusianorum oppidum in Italia, Brianson

628 1818 834 152 est. Ex Munstero

379 1894 1119 179 136 Brigantius flunius :a

1480 1769 1646 241 Hipania, Ceuia dicitur, et Bergn

628 1899 2489 290 nes. Separactq. Valentiae Regnum a Catalaunia. Ex Beu

637 2131 228 133 tero.

401 2073 2698 285 17 Briſtacus neons n Germania, Breysachuocatur. Ex Lazia

410 2193 2725 272 138 Briuates Galliae Lugiunensis portus, Virane urbs essi

642 2354 1043 160 creditur. Ex Roberto.

459 2367 2711 250 139 Brixia Italiae urbs condita fuit a Trace quodam Ta

704 2487 2373 179 Croiano, unde Tracia dicta fuit, ut ſuribit Bentius

682 2576 2462 214 Alexandrinus : quam cun Mediolanenses euertisse

651 2683 2430 206 Brennus Gallorum Duxo potius instaurauit, quam

655 2759 2493 241 condidit, teste Cothifado Viterbiensi in Historia. Vels

668 2866 2449 232 prorsus beata, rerum omniu fertikis, ferri, chalybi

664 2978 2475 227 fooinis insignis, aqximae uero fortissimorum homi

651 3111 2502 223 num, docissimorumq. praeſertim hac aetate patria

655 3218 2484 206 Vincentij Madij acutissimi philosophi doctrina, et Ex mo

677 3339 2444 209 tissimis moribus aunibus anteponendi. Ex Iustino

668 3481 879 156 Blondo, prisciano

419 3495 2698 267 140Brocomagus, et Berucomagus Germaniae Ciuitas, Bro

660 3602 2140 232 mat uiddus est in Elsata. Ex Beato Rhenano

463 3700 2690 232 41 Brundusium Calabriae opp. in finibus ſinus Ardriatici

686 3802 2507 197 a Graecis Mesapia dicittur, et Brentesium a Brento

668 3892 2529 223 Herantis filio : uel quòd portus propter multes recessus

673 4030 2457 205 quos habet, cum urbe ipsa ceruino capiti cum cor

677 4141 2476 192 nibus, quod lingua Messapiorum Brentesion dici

677 4239 2525 214 tur, ſimilis uid datur : Peucetia etiam a Peuce.

700 4337 2435 228 tio oenotri fratre, uulgo Brindizi. Ex Strabone

704 4494 1209 205 Plinio, Stepham, Blord

2970 4592 214 147 Braij
