3666 5350
544 592 486 370 1iEaſu

1168 673 1949 191 pp. Italiae, Sanctus Germanus dicitur. Ex loucio

820 860 415 143 anzusto, i

1373 802 1873 147 x oceano ascendens uersus meridiem in initi

851 936 2377 187 postea dilatatur, et naximie in recessu, alicubi ad quinqu

1400 878 1820 169 1 freto primum terras quasi fluuius irrumpit

847 1012 2381 205 Me Stadionpm latisudinem, uel, ut Plinius at ccxc M P e¬

833 1096 2387 223 uigatio usq. in reussum paulo minor qunque M. Stadiss

847 1199 2386 209 Oicitur a Strabone, a Plinio autem multum mcior 10

838 1288 2408 214 M. P. Sulicet, a recentioribur occc Me. P circuitus Secu

842 1391 892 129 dum Eratosthenem

829 1489 968 133 ingressu Portae Casttia

1855 1426 1338 161 1eroo ſtadiorum. Angustiae in

833 1578 2395 183 nus di ffunditur, contra os ipsum in Hyrcanum, ad Sim

1922 1520 76 125 u

2024 1524 1200 143 ntr, ubi dilatatur in tres S⟨⟩

842 1676 2422 187 ſtram in, Scythiceem, ad dexteram in eum, quem propri

829 1747 2337 219 appellans Caspinm, a Prouinijs Scythia, et Hyrcania

816 1859 2444 209 quae et Caspia dicitur. Nanc autem dicitur Babar Co

842 1952 2386 228 zum,hoc est ncre elausupn :. Mare de, Baechu, de Ba

838 2046 1561 183 chau, uel melius de Bachu ab in

838 2144 2395 205 Ad eius dexteram fuere Scythae, e Sarmatae Eu

2551 2135 673 147 I urbe Abachu

842 2260 2346 183 peis fiitimi usq. ad Tanaim : ad Laeuam Scytha

829 2371 2417 161 Nomades usq. ad mare orientale, et Indicum porrecti

829 2465 2431 160 ſlam Graeci Scriptons communi nomine omnes Septentriona

833 2554 2413 165 les Scythas, et Celtosaythas appellant. Ex Stralone, Mu

833 2652 2436 174 la, Plinio, Stephano, Sabellico, Ambrosio Contareno, Vadi

579 2750 1026 156 n x no, Rhaniusio

718 2831 2555 178 assiliacum Gemianiae opp. Romalcessel est. Ex Beato Rhena

561 2902 2703 201 115 Cassiterides Insulae ſeptem ( decem dict Strabo in oceano occ

825 3000 2421 236 dentali ſub Tarraconensium Imperio, dictae a fertilitata

847 3098 2306 232 plumbi, ut ait Plinius tcaucss entgsν pro plumbo acipiens

838 3218 2386 206 quem alij Stannum interpretantur : nunc uocantur Sam

829 3317 2431 200 ctus Martinus, Sanctus Michael, Gratiosa, Sanctus Ge

825 3410 2426 205 ergius, Fauyal, Piccus, et Insula christi. Dionysius unam

816 3517 2368 219 tantum Insulum esse dixeit, et in Iudiche collocauit. Ex

561 3615 1329 156 tt  illis, Stephano, Bordono.

793 3695 2382 174 staneon Hisppaniae opp. Alcarras dicitur. Ex Mario Aretio

544 3753 2716 223 115 Castellionis uilla in Ætlruria, Castrrm nonum est C aferonia

811 3874 2458 200 nae prouinciae caput. Quod tamn oppidum ali qui nouum fui

820 3958 2328 201 ſe putant a Castrutio Lucensium Duce conditum. Ex

833 4061 1263 161 Annio, Tegorino Tigrino

557 4123 2703 228 16 Castellum Menapiorum oppidum in Galla Belgica, Mgyero uicit

811 4257 2453 187 tur esse Casletum, Manstero Iuliacum, et uulgo fulich, quaet

829 4364 2480 192 Marlianus appellatum at Vatuccam, qui tamen a quibus

833 4480 1722 138 dam nunc uocatur Mons Valcatus

561 4560 2360 205 117 Captellums Geryonis in Italia, Cerignola est. Ex Iouio
