3666 5350
606 624 2431 174 nensi, ab Hispanis appellatur Betanzeos, a Germanis Biſt

624 744 2404 152 bao, ab Italis Bermeum. Ex Beutero, Munstero, Castaldo

396 833 2351 147 29 Florae mons in Piceno, est Mons nonae. x Blondo

3046 806 102 165 i

396 922 2609 156 0 Fluentia Æthruriae  Vetropulis, Confluentia dicta, postea

633 989 2439 161 Florentia ab Iano, ut Annius falulaia, ad Arni ri

633 1096 2377 147 pas condita, Colonia a Triumauris Antonio, Lepido,

633 1163 2399 178 et octauio deducta Caesmianis militibus in ea colloca

619 1257 2369 187 tis : a Totila uel obsessa ut Procopius ait, uel ut alij

633 1341 2520 228 asser nt euersa (quondo Regis nomen apud Dantem it

628 1480 2409 187 legenium est, et apud Bacatium, et non Aitila, ut in

655 1573 2382 205 nulgatis codicibus est : qui Attila Mincium fluuium

646 1676 2471 187 un pertranſisti postea a Cmolo Magno instua

651 1801 1101 160 rata amo occcii, Ipsſ

2060 1787 276 174 ie

2435 1787 628 170 BPiApyue

633 1885 2502 165 ſesulanis ruinis aucta anno MX fuit. Ciues facio

642 1988 2404 160 nibus dediti Gallos etiam Tyrannos uocarunt ;: ſed Me

642 2086 2350 178 diceorum auspicijs libertatem conſeruarunt, donec

624 2189 2471 182 Gallis fauentes contra Caolum Quintum Caesaes

637 2304 2404 183 libertatem ipsam amiſsere anmo M DXXX Rrip

628 2443 2471 169 Principe a Caesane constitutr Alexandro Medice, et

642 2572 2444 152 post eius imeritum Cosmo item Medice a Ciuibus

633 2679 2484 183 optato. Haec fuit patria claudiani, Dantis Aloigherj

642 2808 2448 161 et Francisci petrarcae insignium Doetarum, Acurſij

637 2920 2498 160 eriam lurisconſulti, et aliorum praestantium ui orum

642 3009 2421 183 Ex Ioanne, a Xatheo Villanis, Politiano, leonardo

642 3120 2426 179 Aetino, Donaco Acriolo, Annio, Landino, Volater

637 3250 1994 151 rano, Guatino, Malchiallo, Gaguino.

3072 3281 107 107 u

428 3325 2600 174 31togor uilla in palcostina non procul a Borhleem, phaora

651 3446 1159 156 ab Hieronmo appellatur

463 3495 2765 183 314ormiae Italiae opp. in Latio a Laconibus, uel Iapygin i

660 3629 2551 151 bus condinum, et Hormiae dictum propter Otioptror

668 3727 2498 142 bonitatem ſciticet Stationis, Nola est. Ex Srabone

668 3825 928 187 Seruio, Munstero

490 3909 2609 192 35 Formiana Ciceronis ulla in Latio, fuit ubi nunc esta

660 4025 1623 170 Castellanum oppidum. Ex Iouio

503 4128 2650 174 44 Formio fluuius antiquus Italiae terminus, nunc Htriae

677 4239 2551 183 Cesanus uulgo appellatur, ab aliquibus Tisanus, ab

695 4346 2538 223 incolis Risan. Ex Plinio, Zacuia libio, copo, nunst

2903 4498 321 192 Focuni
