<?xml version="1.0" encoding="UTF-8"?>
<alto xmlns:xsi="http://www.w3.org/2001/XMLSchema-instance"
      xmlns="http://www.loc.gov/standards/alto/ns-v4#"
      xsi:schemaLocation="http://www.loc.gov/standards/alto/ns-v4# http://www.loc.gov/standards/alto/v4/alto-4-2.xsd">
  <Description>
    <MeasurementUnit>pixel</MeasurementUnit>
    <sourceImageInformation>
      <fileName>Cod_174_f005v.tif</fileName>
      
    </sourceImageInformation>
  </Description>
  
  <Tags>
    <OtherTag ID="BT98" LABEL="MainZone" DESCRIPTION="block type MainZone"/><OtherTag ID="BT99" LABEL="RunningTitleZone" DESCRIPTION="block type RunningTitleZone"/><OtherTag ID="BT100" LABEL="QuireMarksZone:catchwords" DESCRIPTION="block type QuireMarksZone:catchwords"/><OtherTag ID="BT101" LABEL="TitlePageZone" DESCRIPTION="block type TitlePageZone"/><OtherTag ID="BT110" LABEL="MarginTextZone:note" DESCRIPTION="block type MarginTextZone:note"/><OtherTag ID="BT111" LABEL="NumberingZone:page" DESCRIPTION="block type NumberingZone:page"/>
    <OtherTag ID="LT41" LABEL="headingLine" DESCRIPTION="line type headingLine"/><OtherTag ID="LT43" LABEL="InterlinearLine:correction" DESCRIPTION="line type InterlinearLine:correction"/><OtherTag ID="LT85" LABEL="DefaultLine" DESCRIPTION="line type DefaultLine"/>
  </Tags>
  
  <Layout>
    <Page WIDTH="3532"
          HEIGHT="5270"
          PHYSICAL_IMG_NR="53"
          ID="eSc_dummypage_">
      <PrintSpace HPOS="0"
                  VPOS="0"
                  WIDTH="3532"
                  HEIGHT="5270">
        
        <TextBlock HPOS="1549"
                   VPOS="536"
                   WIDTH="359"
                   HEIGHT="156"
                   ID="eSc_textblock_bd9c19e2"
                   TAGREFS="BT99">
          <Shape><Polygon POINTS="1549 536 1549 692 1908 692 1908 536"/></Shape>
          
          
          <TextLine ID="eSc_line_97d291a5"
                    TAGREFS="LT41"
                    BASELINE="1589 654 1868 657" 
                    HPOS="1581"
                    VPOS="544"
                    WIDTH="286"
                    HEIGHT="149">
            <Shape><Polygon POINTS="1585 649 1585 544 1862 557 1867 654 1862 676 1581 693"/></Shape>
	    <String CONTENT="Liber"
                    HPOS="1581"
                    VPOS="544"
                    WIDTH="286"
                    HEIGHT="149"></String>
          </TextLine>

          
        </TextBlock>
        
        <TextBlock HPOS="650"
                   VPOS="649"
                   WIDTH="2824"
                   HEIGHT="4054"
                   ID="eSc_textblock_ee5a0a77"
                   TAGREFS="BT98">
          <Shape><Polygon POINTS="3474 4668 986 4703 986 3916 677 3916 667 3912 685 3759 1142 3719 966 3684 891 3473 650 3385 667 3267 931 3227 891 3104 650 3017 667 2810 948 2771 948 2564 861 2472 948 2244 914 1332 930 1332 930 932 828 932 828 826 814 826 843 755 2618 649 3299 667 3404 737"/></Shape>
          
          
          <TextLine ID="eSc_line_93b68391"
                    TAGREFS="LT85"
                    BASELINE="869 869 2473 755 3365 746" 
                    HPOS="856"
                    VPOS="614"
                    WIDTH="2509"
                    HEIGHT="299">
            <Shape><Polygon POINTS="869 869 856 746 1150 711 1150 711 1155 711 1155 711 1159 711 1159 711 1159 711 1164 711 1186 729 1225 750 1375 750 1590 711 1590 711 1590 711 1594 711 1594 711 1599 711 1682 733 1845 693 1858 689 1862 689 1862 689 1867 689 1919 689 2064 689 2073 680 2095 663 2095 658 2095 658 2099 658 2099 658 2099 658 2104 658 2104 658 2227 649 2227 649 2512 636 2517 636 2517 636 2521 636 2521 636 2521 636 2561 654 2613 680 3351 614 3365 746 3365 768 2350 794 2279 834 2266 838 2266 838 2266 838 2262 838 2262 838 2258 838 2258 838 2231 834 2091 816 1976 851 1959 856 1954 856 1954 856 1954 856 1950 856 1950 856 1928 851 1818 834 1739 865 1726 869 1726 869 1722 869 1722 869 1717 869 1717 869 1717 869 1713 869 1713 869 1708 869 1708 865 1678 847 1642 869 1638 873 1634 873 1634 873 1634 873 1629 873 1629 873 1629 878 1546 878 1203 878 1168 895 1168 900 1164 900 1164 900 1164 900 1159 900 1159 900 1155 900 1155 900 1155 900 1142 900 1054 882 869 913"/></Shape>
	    <String CONTENT="Agielo iten, Ægialom, et Ægialaa prouincia maritima est a"
                    HPOS="856"
                    VPOS="614"
                    WIDTH="2509"
                    HEIGHT="299"></String>
          </TextLine>

          
          
          <TextLine ID="eSc_line_b9653e7d"
                    TAGREFS="LT85"
                    BASELINE="957 957 3018 843 3360 843" 
                    HPOS="940"
                    VPOS="733"
                    WIDTH="2425"
                    HEIGHT="281">
            <Shape><Polygon POINTS="957 957 940 891 1058 851 1063 851 1063 851 1063 851 1067 851 1067 851 1190 873 1669 821 1669 821 1673 821 1673 821 1678 821 1678 821 1678 821 1682 821 1722 843 1919 838 2170 790 2170 790 2170 790 2174 790 2174 790 2178 790 2271 812 2574 768 2574 768 2578 768 2873 781 3004 746 3009 746 3009 746 3013 746 3013 746 3013 746 3018 746 3018 746 3022 746 3066 772 3312 733 3312 733 3316 733 3316 733 3316 733 3321 733 3321 733 3321 733 3325 733 3365 759 3360 843 3356 878 3246 860 3079 865 3013 900 3000 904 3000 904 3000 904 2996 904 2996 904 2996 904 2991 904 2991 904 2987 904 2987 904 2978 900 2912 878 2561 926 2504 931 2504 931 2499 931 2468 931 2266 913 1972 948 1972 948 1968 948 1968 948 1858 935 1700 974 1686 974 1686 974 1686 974 1682 974 1682 974 1682 974 1673 974 1559 952 1137 1005 1120 1005 1120 1005 1115 1005 1115 1005 1115 1005 1111 1005 1111 1005 1045 983 962 1014"/></Shape>
	    <String CONTENT="pelopomeso a Sicyone ad Elidem, ab Ægialeo Sicyoniae Ra⟩"
                    HPOS="940"
                    VPOS="733"
                    WIDTH="2425"
                    HEIGHT="281"></String>
          </TextLine>

          
          
          <TextLine ID="eSc_line_fb18e233"
                    TAGREFS="LT85"
                    BASELINE="236 1082 641 1081 904 1093" 
                    HPOS="224"
                    VPOS="917"
                    WIDTH="676"
                    HEIGHT="189">
            <Shape><Polygon POINTS="232 1080 228 939 395 917 395 917 399 917 399 917 404 917 404 917 404 917 408 917 408 917 408 922 448 957 487 992 650 974 702 970 702 970 707 970 707 970 711 970 711 970 711 970 733 983 751 992 764 983 799 957 803 957 803 957 803 957 808 957 808 957 808 957 812 957 812 957 812 957 817 957 817 957 900 996 900 1089 891 1106 224 1097"/></Shape>
	    <String CONTENT="ul ci poptur"
                    HPOS="224"
                    VPOS="917"
                    WIDTH="676"
                    HEIGHT="189"></String>
          </TextLine>

          
          
          <TextLine ID="eSc_line_15d3b706"
                    TAGREFS="LT85"
                    BASELINE="240 1137 900 1153" 
                    HPOS="228"
                    VPOS="1075"
                    WIDTH="668"
                    HEIGHT="101">
            <Shape><Polygon POINTS="237 1133 237 1075 891 1080 896 1150 887 1176 228 1146"/></Shape>
	    <String CONTENT="urbes in littore per"
                    HPOS="228"
                    VPOS="1075"
                    WIDTH="668"
                    HEIGHT="101"></String>
          </TextLine>

          
          
          <TextLine ID="eSc_line_640cfe23"
                    TAGREFS="LT85"
                    BASELINE="934 1058 1704 1032 2363 983 3340 966" 
                    HPOS="922"
                    VPOS="865"
                    WIDTH="2416"
                    HEIGHT="237">
            <Shape><Polygon POINTS="931 1054 922 979 1322 935 1322 935 1326 935 1326 935 1331 935 1331 935 1388 957 1392 957 1392 952 1427 926 1427 926 1432 926 1432 926 1432 926 1436 926 1436 926 1440 926 1440 926 1616 944 1673 948 1708 939 1801 913 1805 913 1805 913 1805 913 2170 904 2174 904 2174 904 2178 904 2178 904 2209 917 2240 926 2279 913 2328 895 2332 895 2332 895 2332 895 2337 895 2337 895 2411 904 2482 917 2499 900 2508 895 2508 891 2508 891 2512 891 2512 891 2512 891 2517 891 2517 891 2521 891 2521 891 2521 891 2525 891 2525 891 2525 891 2530 891 2530 891 2539 900 2552 913 2565 900 2569 891 2574 891 2574 887 2574 887 2578 887 2578 887 2578 887 2583 887 2583 887 2587 887 2587 887 2587 887 2591 887 2622 895 2684 913 3325 865 3338 961 3334 979 3092 988 3088 992 3048 1027 3048 1032 3048 1032 3044 1032 3044 1032 3039 1032 3039 1032 3039 1032 3035 1032 2811 1014 2613 1045 2613 1045 2609 1045 2609 1045 2609 1045 2486 1023 2438 1014 2262 1023 2253 1032 2231 1054 2231 1054 2227 1054 2227 1054 2227 1054 2222 1054 2222 1054 2222 1054 2218 1054 2218 1054 2214 1054 2156 1036 2121 1027 2095 1040 2051 1062 2051 1062 2051 1062 2047 1062 2047 1062 2042 1062 2042 1062 2042 1062 2038 1062 2038 1062 1994 1045 1972 1032 1959 1045 1937 1067 1937 1067 1937 1071 1937 1071 1932 1071 1932 1071 1928 1071 1928 1071 1928 1071 1704 1075 1700 1075 1700 1075 1695 1075 1647 1062 1603 1049 1590 1062 1568 1080 1568 1084 1568 1084 1563 1084 1563 1084 1563 1084 1559 1084 1559 1084 1555 1084 1555 1084 1555 1084 1476 1071 1458 1067 1445 1071 1405 1089 1405 1089 1401 1089 1401 1089 1401 1089 1396 1089 1396 1089 1392 1089 1392 1089 1357 1075 1317 1058 1278 1080 1265 1084 1265 1084 1265 1084 1260 1084 1260 1084 1260 1084 1256 1084 1256 1084 1252 1084 1234 1080 1186 1067 1164 1084 1150 1097 1150 1097 1146 1097 1146 1097 1146 1097 1142 1097 1142 1097 1137 1097 1137 1097 1137 1097 1133 1097 1133 1097 1107 1089 1071 1071 1058 1089 1045 1097 1045 1102 1045 1102 1041 1102 1041 1102 1041 1102 1036 1102 1036 1102 1036 1102 1032 1102 926 1093"/></Shape>
	    <String CONTENT="Ee dicta : unde fuere Ægialei, qui acum Agasmemnone ad"
                    HPOS="922"
                    VPOS="865"
                    WIDTH="2416"
                    HEIGHT="237"></String>
          </TextLine>

          
          
          <TextLine ID="eSc_line_6255e6d7"
                    TAGREFS="LT85"
                    BASELINE="244 1208 887 1203" 
                    HPOS="294"
                    VPOS="1146"
                    WIDTH="593"
                    HEIGHT="96">
            <Shape><Polygon POINTS="294 1203 294 1146 887 1146 887 1203 887 1238 294 1242"/></Shape>
	    <String CONTENT="edinem dispositas"
                    HPOS="294"
                    VPOS="1146"
                    WIDTH="593"
                    HEIGHT="96"></String>
          </TextLine>

          
          
          <TextLine ID="eSc_line_652374ef"
                    TAGREFS="LT85"
                    BASELINE="934 1154 1098 1159 1897 1133 2495 1089 3387 1085" 
                    HPOS="926"
                    VPOS="979"
                    WIDTH="2456"
                    HEIGHT="224">
            <Shape><Polygon POINTS="931 1150 926 1075 1027 1071 1054 1045 1054 1040 1054 1040 1058 1040 1058 1040 1058 1040 1063 1040 1063 1040 1067 1040 1067 1040 1067 1040 1071 1040 1071 1040 1071 1040 1076 1040 1076 1040 1076 1045 1102 1067 1102 1067 1256 1067 1265 1058 1322 1032 1322 1032 1322 1032 1326 1032 1326 1032 1331 1032 1331 1032 1519 1049 1568 1054 1577 1049 1607 1023 1607 1023 1612 1023 1612 1023 1612 1023 1616 1023 1616 1023 1621 1023 1621 1023 1621 1023 1726 1040 1774 1049 1990 1032 2301 1005 2301 1005 2569 1001 2574 1001 2574 1001 2578 1001 2578 1001 2596 1010 2644 1027 2767 1001 2815 992 2815 992 2815 992 2820 992 2895 996 3149 1014 3373 979 3382 1084 3382 1111 3325 1137 3325 1137 3321 1137 3321 1137 3321 1137 3316 1137 3316 1137 3316 1137 3312 1137 3312 1137 3264 1115 3237 1106 2728 1115 2666 1137 2631 1150 2627 1150 2627 1150 2627 1150 2622 1150 2622 1150 2622 1150 2618 1150 2618 1150 2618 1150 2613 1150 2605 1141 2578 1124 2424 1146 2424 1146 2424 1146 2424 1146 2420 1146 2192 1133 2152 1159 2135 1172 2130 1172 2130 1172 2130 1172 2126 1172 2126 1172 2126 1172 2121 1172 2121 1172 2121 1172 2117 1172 2082 1159 2029 1141 1981 1163 1959 1176 1959 1176 1959 1176 1954 1176 1954 1176 1954 1176 1950 1176 1950 1176 1884 1168 1787 1155 1752 1172 1744 1181 1739 1181 1739 1181 1735 1181 1735 1181 1735 1181 1730 1181 1730 1181 1682 1176 1590 1163 1563 1181 1559 1185 1559 1185 1555 1185 1555 1185 1550 1185 1550 1185 1550 1185 931 1203"/></Shape>
	    <String CONTENT="Troianum bellum acceſserme : in quam Althenienses Colu"
                    HPOS="926"
                    VPOS="979"
                    WIDTH="2456"
                    HEIGHT="224"></String>
          </TextLine>

          
          
          <TextLine ID="eSc_line_e8f57a71"
                    TAGREFS="LT85"
                    BASELINE="962 1269 1818 1247 2530 1203 3360 1190" 
                    HPOS="944"
                    VPOS="1093"
                    WIDTH="2416"
                    HEIGHT="206">
            <Shape><Polygon POINTS="962 1269 944 1190 984 1163 988 1163 988 1163 988 1163 992 1163 992 1163 997 1163 997 1163 1186 1181 1221 1185 1230 1181 1269 1150 1269 1150 1273 1150 1273 1150 1273 1150 1278 1150 1278 1150 1282 1150 1282 1150 1282 1150 1287 1150 1287 1150 1353 1176 1366 1181 1392 1176 1480 1159 1480 1159 1480 1159 1484 1159 1484 1159 1489 1159 1489 1159 1489 1159 1493 1159 1493 1159 1506 1172 1511 1176 1519 1172 1590 1141 1590 1141 1594 1141 1594 1141 1594 1141 1599 1141 1599 1141 1752 1163 1787 1168 1902 1159 2482 1111 2482 1111 2486 1111 2793 1133 2842 1133 2851 1128 2890 1097 2890 1097 2895 1097 2895 1097 2899 1097 2899 1097 2899 1097 2903 1097 2903 1097 2903 1097 2908 1097 2987 1124 2996 1128 3000 1124 3031 1097 3031 1093 3031 1093 3035 1093 3035 1093 3035 1093 3039 1093 3039 1093 3039 1093 3044 1093 3351 1115 3360 1190 3360 1220 962 1299"/></Shape>
	    <String CONTENT="nos miſere, unde Ionia appellata fuit, et incolae non"
                    HPOS="944"
                    VPOS="1093"
                    WIDTH="2416"
                    HEIGHT="206"></String>
          </TextLine>

          
          
          <TextLine ID="eSc_line_eaaa1a2a"
                    TAGREFS="LT85"
                    BASELINE="975 1400 2688 1313 3369 1317" 
                    HPOS="966"
                    VPOS="1207"
                    WIDTH="2403"
                    HEIGHT="246">
            <Shape><Polygon POINTS="975 1400 966 1291 1089 1313 1168 1282 1186 1277 1186 1277 1190 1277 1190 1277 1190 1277 1194 1277 1194 1277 1225 1282 1366 1304 1511 1273 1577 1260 1577 1260 1577 1260 1581 1260 1581 1260 1642 1269 1748 1286 1818 1264 1871 1247 1875 1247 1875 1247 1875 1247 1880 1247 2143 1256 2359 1260 2385 1247 2424 1225 2424 1225 2424 1225 2429 1225 2429 1225 2429 1225 2587 1216 2591 1216 2591 1216 2763 1234 2802 1207 2807 1207 2807 1207 2807 1207 2811 1207 2811 1207 2815 1207 2815 1207 2815 1207 2820 1207 2820 1207 2820 1207 2824 1207 2824 1207 2855 1234 2859 1238 2877 1234 2925 1216 2930 1216 2930 1216 2930 1216 2934 1216 3365 1220 3369 1317 3365 1339 2596 1343 2517 1378 2517 1378 2512 1378 2512 1378 2508 1378 2508 1378 2508 1378 2389 1357 1621 1422 1572 1427 1568 1427 1568 1427 1568 1427 1563 1427 1563 1427 1480 1405 1427 1431 1427 1431 1427 1431 1423 1431 1423 1431 1423 1436 1265 1436 1260 1431 1260 1431 1256 1431 1256 1431 1208 1409 1150 1444 1146 1444 1146 1444 1142 1444 1142 1444 1142 1444 975 1453"/></Shape>
	    <String CONTENT="Ægiales, ut antea, ſed lones e nam Attici Iones uocanmi"
                    HPOS="966"
                    VPOS="1207"
                    WIDTH="2403"
                    HEIGHT="246"></String>
          </TextLine>

          
          
          <TextLine ID="eSc_line_caae8687"
                    TAGREFS="LT85"
                    BASELINE="970 1515 1880 1488 2758 1436 3378 1440" 
                    HPOS="962"
                    VPOS="1339"
                    WIDTH="2416"
                    HEIGHT="224">
            <Shape><Polygon POINTS="970 1515 962 1431 1080 1431 1111 1422 1212 1392 1216 1392 1216 1392 1216 1392 1221 1392 1221 1392 1225 1392 1313 1414 1344 1422 1484 1409 1739 1383 1739 1383 1744 1383 1744 1383 1748 1383 1748 1383 1787 1396 1805 1405 1823 1396 1862 1370 1867 1370 1867 1370 1871 1370 1871 1370 1871 1370 2082 1365 2086 1365 2086 1365 2091 1365 2091 1365 2091 1365 2095 1365 2095 1365 2095 1370 2113 1383 2117 1387 2126 1383 2209 1361 2214 1361 2214 1361 2214 1361 2218 1361 2218 1361 2222 1361 2288 1378 2323 1387 2350 1374 2398 1352 2398 1352 2398 1352 2402 1352 2402 1352 2402 1352 2605 1348 2609 1348 2609 1348 2613 1348 2613 1348 2653 1365 2679 1374 2719 1361 2789 1339 2793 1339 2793 1339 2793 1339 2798 1339 2798 1339 2798 1339 2881 1357 2934 1365 3369 1339 3378 1440 3373 1471 3158 1497 3158 1497 3154 1497 3154 1497 3149 1497 3149 1497 3149 1497 3123 1484 3083 1462 2925 1462 2886 1493 2881 1497 2881 1497 2877 1497 2877 1497 2873 1497 2873 1497 2873 1497 2868 1497 2868 1497 2864 1497 2864 1497 2851 1493 2793 1471 2714 1493 2710 1493 2710 1493 2706 1493 2385 1484 2187 1519 2099 1532 2099 1532 2095 1532 2095 1532 2003 1523 1880 1515 1858 1532 1849 1541 1849 1541 1845 1541 1845 1541 1845 1541 1840 1541 1840 1541 1840 1541 1700 1545 1695 1545 1537 1545 1533 1541 1533 1541 1533 1541 1528 1541 1528 1541 1524 1541 1524 1541 1493 1515 1392 1550 1361 1559 1357 1559 1357 1559 1357 1559 970 1563"/></Shape>
	    <String CONTENT="tur ab lone Xuthi filio. Inde autem ex peloponneso pu"
                    HPOS="962"
                    VPOS="1339"
                    WIDTH="2416"
                    HEIGHT="224"></String>
          </TextLine>

          
          
          <TextLine ID="eSc_line_2b4e41a7"
                    TAGREFS="LT85"
                    BASELINE="984 1646 2609 1567 3382 1567" 
                    HPOS="970"
                    VPOS="1453"
                    WIDTH="2412"
                    HEIGHT="242">
            <Shape><Polygon POINTS="984 1646 970 1550 1357 1523 1361 1523 1361 1523 1361 1523 1366 1523 1366 1523 1370 1523 1379 1532 1414 1550 1581 1541 1599 1523 1616 1510 1616 1506 1616 1506 1621 1506 1621 1506 1625 1506 1625 1506 1625 1506 1629 1506 1629 1506 1730 1519 1853 1532 1910 1510 1968 1488 1968 1488 1972 1488 1972 1488 1972 1488 1976 1488 1976 1488 1981 1488 1981 1488 2029 1506 2077 1523 2135 1501 2187 1479 2187 1479 2192 1479 2192 1479 2192 1479 2196 1479 2367 1493 2402 1493 2442 1488 2635 1462 2635 1462 2640 1462 2640 1462 2644 1462 2644 1462 2644 1462 2679 1479 2719 1497 2908 1493 2930 1471 2947 1458 2947 1453 2947 1453 2952 1453 2952 1453 2956 1453 2956 1453 2956 1453 2960 1453 2960 1453 2965 1453 2965 1453 2965 1453 2969 1453 2991 1466 3022 1484 3294 1479 3369 1453 3382 1567 3373 1598 2644 1598 2534 1633 2534 1633 2530 1633 2530 1633 2530 1633 2525 1633 2525 1633 2521 1633 2521 1633 2420 1607 2205 1646 2200 1646 2200 1646 2196 1646 2187 1646 1889 1638 1831 1660 1831 1660 1827 1660 1827 1660 1823 1660 1823 1660 1691 1646 984 1695"/></Shape>
	    <String CONTENT="ſi ab Achaeis, traijciere in ſistora Lydiae, et Cariae, quoia"
                    HPOS="970"
                    VPOS="1453"
                    WIDTH="2412"
                    HEIGHT="242"></String>
          </TextLine>

          
          
          <TextLine ID="eSc_line_7f1c1b8c"
                    TAGREFS="LT85"
                    BASELINE="968 1761 2482 1699 3387 1690" 
                    HPOS="953"
                    VPOS="1576"
                    WIDTH="2429"
                    HEIGHT="224">
            <Shape><Polygon POINTS="966 1756 953 1682 1129 1646 1129 1646 1133 1646 1133 1646 1133 1646 1137 1646 1137 1646 1137 1646 1142 1646 1177 1673 1208 1651 1212 1651 1212 1651 1216 1651 1216 1651 1216 1651 1221 1651 1550 1660 1563 1660 1563 1660 1621 1633 1621 1633 1621 1633 1625 1633 1625 1633 1629 1633 1629 1633 1809 1651 1889 1611 1889 1611 1889 1611 1893 1611 1893 1611 1897 1611 2293 1624 2359 1598 2359 1598 2363 1598 2363 1598 2363 1598 2367 1598 2367 1598 2372 1598 2372 1598 2372 1598 2376 1598 2433 1633 2433 1633 2438 1633 2706 1585 2706 1585 2710 1585 2710 1585 2710 1585 2714 1585 2833 1620 2833 1620 2833 1620 2969 1576 2974 1576 2974 1576 2974 1576 2978 1576 2978 1576 3145 1607 3369 1607 3382 1686 3373 1725 3004 1717 2890 1743 2846 1752 2846 1752 2846 1752 2530 1756 2525 1756 2525 1756 2525 1756 2521 1756 2512 1756 2455 1734 2429 1756 2424 1761 2424 1761 2420 1761 2420 1761 2420 1761 2416 1761 2416 1761 2411 1761 2411 1761 2407 1761 2394 1756 2310 1739 2135 1765 2047 1778 2047 1778 2042 1778 1902 1774 1700 1765 1625 1783 1577 1791 1577 1791 1577 1791 1572 1791 1572 1791 1519 1787 1410 1769 1357 1791 1331 1800 1331 1800 1326 1800 1326 1800 1322 1800 1322 1800 1322 1800 1317 1800 1317 1800 1317 1800 1300 1791 1273 1778 966 1800"/></Shape>
	    <String CONTENT="et Ioniam uocarunt. Achaei uero ipsi, qui phthiotae o"
                    HPOS="953"
                    VPOS="1576"
                    WIDTH="2429"
                    HEIGHT="224"></String>
          </TextLine>

          
          
          <TextLine ID="eSc_line_3c3337ea"
                    TAGREFS="LT85"
                    BASELINE="997 1870 2539 1813 3325 1813" 
                    HPOS="984"
                    VPOS="1712"
                    WIDTH="2341"
                    HEIGHT="198">
            <Shape><Polygon POINTS="997 1870 984 1783 1036 1756 1036 1756 1036 1756 1041 1756 1041 1756 1045 1756 1045 1756 1045 1756 1049 1756 1049 1756 1054 1756 1089 1778 1107 1787 1348 1778 1357 1774 1432 1743 1432 1743 1436 1743 1436 1743 1440 1743 1440 1743 1440 1743 1445 1743 1445 1743 1445 1743 1449 1743 1449 1743 1480 1769 1489 1778 1581 1778 1616 1765 1739 1734 1744 1734 1744 1734 1748 1734 1748 1734 1748 1734 1752 1734 1836 1761 1836 1761 1836 1761 1884 1730 1889 1730 1889 1730 1893 1730 1893 1730 1893 1730 1897 1730 1897 1730 1902 1730 2007 1756 2025 1761 2033 1756 2091 1725 2091 1725 2091 1725 2095 1725 2095 1725 2095 1725 2486 1712 2490 1712 2490 1712 2719 1739 2736 1739 2741 1739 2793 1712 2793 1712 2793 1712 2798 1712 2798 1712 2802 1712 2802 1712 2802 1712 2807 1712 2877 1734 2881 1734 3316 1725 3325 1813 3321 1844 2965 1831 2921 1857 2916 1857 2916 1857 2916 1857 2916 1857 2912 1857 2912 1857 2908 1857 2908 1857 2908 1857 2903 1857 2789 1835 2600 1866 2591 1866 2591 1866 2587 1866 2587 1866 2587 1866 2583 1866 2583 1866 2504 1844 2354 1844 2315 1875 2310 1875 2310 1875 2310 1875 2310 1875 2306 1875 2306 1875 2306 1875 2301 1875 2288 1875 2060 1857 1985 1884 1985 1884 1985 1884 1981 1884 1981 1884 1976 1884 1959 1884 1651 1870 1599 1897 1594 1897 1594 1897 1590 1897 1590 1897 1590 1897 1585 1897 1550 1897 1348 1884 997 1910"/></Shape>
	    <String CONTENT="gine erant, et Lacedaemoniam habitarunt, nomen"
                    HPOS="984"
                    VPOS="1712"
                    WIDTH="2341"
                    HEIGHT="198"></String>
          </TextLine>

          
          
          <TextLine ID="eSc_line_a64975dc"
                    TAGREFS="LT85"
                    BASELINE="988 1980 2381 1927 3378 1927" 
                    HPOS="979"
                    VPOS="1813"
                    WIDTH="2399"
                    HEIGHT="202">
            <Shape><Polygon POINTS="988 1980 979 1888 1054 1897 1071 1884 1093 1866 1093 1866 1098 1866 1098 1866 1098 1866 1102 1866 1102 1866 1107 1866 1107 1866 1107 1866 1111 1866 1111 1866 1111 1866 1115 1866 1115 1866 1115 1870 1133 1884 1146 1897 1427 1892 1458 1879 1537 1848 1537 1848 1541 1848 1541 1848 1546 1848 1546 1848 1546 1848 1550 1848 1550 1848 1616 1875 1616 1875 1621 1875 1673 1844 1673 1844 1673 1844 1678 1844 1678 1844 1678 1844 1682 1844 1915 1862 2025 1835 2029 1835 2029 1835 2033 1835 2033 1835 2033 1835 2038 1835 2139 1862 2381 1826 2381 1826 2385 1826 2934 1844 2965 1818 2965 1813 2965 1813 2969 1813 2969 1813 2969 1813 2974 1813 2974 1813 2974 1813 2978 1813 2978 1813 2978 1813 3114 1844 3369 1844 3378 1927 3369 1958 2222 1958 2187 1985 2187 1989 2187 1989 2187 1989 2183 1989 2183 1989 2178 1989 2178 1989 2178 1989 2174 1989 2174 1989 2170 1989 2165 1989 2073 1963 2033 1993 2033 1993 2033 1993 2029 1993 2029 1993 2025 1993 2025 1993 2025 1993 2020 1993 2020 1993 2016 1993 2012 1993 1910 1967 1686 2002 1664 2002 1664 2002 1660 2002 1599 2002 1150 1993 988 2015"/></Shape>
	    <String CONTENT="Bhabuerunt ab Achaeo altero Xuehi filio; Achaei inqu"
                    HPOS="979"
                    VPOS="1813"
                    WIDTH="2399"
                    HEIGHT="202"></String>
          </TextLine>

          
          
          <TextLine ID="eSc_line_83751943"
                    TAGREFS="LT85"
                    BASELINE="997 2090 2446 2033 3378 2037" 
                    HPOS="988"
                    VPOS="1927"
                    WIDTH="2390"
                    HEIGHT="189">
            <Shape><Polygon POINTS="997 2090 988 2015 1146 2011 1146 2011 1177 1980 1177 1976 1177 1976 1181 1976 1181 1976 1181 1976 1186 1976 1186 1976 1190 1976 1954 1985 1976 1985 1985 1985 2231 1949 2231 1949 2236 1949 2837 1954 2978 1927 2978 1927 2978 1927 2982 1927 3373 1949 3378 2037 3373 2068 3018 2050 2578 2081 2574 2081 2574 2081 2574 2081 2569 2081 2504 2064 2482 2090 2482 2090 2477 2090 2477 2094 2477 2094 2473 2094 2473 2094 2468 2094 2468 2094 2468 2094 2464 2094 2464 2094 2460 2094 2438 2090 2354 2068 2262 2094 2236 2099 2231 2099 2231 2099 2227 2099 2227 2099 2170 2094 2029 2081 1902 2099 1818 2112 1818 2112 1818 2112 997 2116"/></Shape>
	    <String CONTENT="ipsi hanc regionem uocarunt Achuiam : uel certè p"
                    HPOS="988"
                    VPOS="1927"
                    WIDTH="2390"
                    HEIGHT="189"></String>
          </TextLine>

          
          
          <TextLine ID="eSc_line_200550f1"
                    TAGREFS="LT85"
                    BASELINE="979 2209 2569 2143 3382 2147" 
                    HPOS="962"
                    VPOS="2033"
                    WIDTH="2416"
                    HEIGHT="228">
            <Shape><Polygon POINTS="975 2204 962 2129 1265 2090 1265 2090 1269 2090 1269 2090 1273 2090 1357 2116 1361 2116 1361 2116 1396 2086 1396 2081 1396 2081 1401 2081 1401 2081 1405 2081 1405 2081 1405 2081 1410 2081 1726 2103 1744 2103 1748 2103 1823 2068 1823 2068 1827 2068 1827 2068 1827 2068 1831 2068 1831 2068 1831 2068 1836 2068 1836 2068 1840 2068 1840 2068 1875 2099 1919 2064 1919 2064 1924 2064 1924 2064 1928 2064 1928 2064 1928 2064 1932 2064 1932 2064 1932 2064 1937 2064 2025 2094 2055 2064 2055 2064 2055 2059 2055 2059 2060 2059 2060 2059 2064 2059 2064 2059 2064 2059 2069 2059 2069 2059 2253 2086 2350 2050 2350 2050 2354 2050 2354 2050 2359 2050 2359 2050 2517 2064 2609 2042 2613 2042 2613 2042 2618 2042 2618 2042 2618 2042 2785 2068 2886 2033 2886 2033 2890 2033 2890 2033 2895 2033 2895 2033 2895 2033 2899 2033 2899 2033 2899 2033 2903 2033 2952 2064 2974 2064 3162 2064 3167 2059 3224 2033 3224 2033 3228 2033 3228 2033 3228 2033 3233 2033 3233 2033 3373 2055 3378 2143 3373 2178 3053 2165 2991 2191 2947 2209 2947 2209 2943 2209 2943 2209 2943 2209 2772 2217 2772 2222 2701 2222 2697 2217 2697 2217 2692 2217 2692 2217 2692 2217 2688 2217 2688 2217 2688 2213 2670 2200 2657 2187 2381 2187 2363 2204 2341 2226 2341 2226 2341 2230 2341 2230 2337 2230 2337 2230 2332 2230 2332 2230 2332 2230 2328 2230 2328 2230 2328 2230 2323 2230 2258 2209 2218 2195 2113 2213 2020 2226 2020 2226 2016 2226 2016 2226 2016 2226 2012 2226 1976 2217 1959 2209 1950 2217 1941 2230 1937 2230 1937 2235 1937 2235 1932 2235 1932 2235 1932 2235 1928 2235 1928 2235 1924 2235 1924 2235 1919 2235 1853 2217 1809 2209 1796 2222 1783 2230 1783 2230 1779 2230 1779 2230 1774 2230 1774 2230 1774 2230 1770 2230 1770 2230 1766 2230 1730 2222 1713 2217 1704 2222 1673 2248 1673 2252 1673 2252 1669 2252 1669 2252 1664 2252 1664 2252 1664 2252 1660 2252 1660 2252 1656 2252 1559 2226 1537 2222 1506 2226 1357 2261 1357 2261 1357 2261 1353 2261 1208 2257 1208 2257 1208 2257 1203 2257 1203 2257 1203 2257 1199 2257 1199 2257 1177 2235 1168 2230 1159 2235 1142 2252 1142 2252 1137 2252 1137 2252 1137 2252 1133 2252 1133 2252 1133 2252 1129 2252 970 2239"/></Shape>
	    <String CONTENT="ter urbes in linore per ordinem diſtesitus. Ex Strabon"
                    HPOS="962"
                    VPOS="2033"
                    WIDTH="2416"
                    HEIGHT="228"></String>
          </TextLine>

          
          
          <TextLine ID="eSc_line_b5cc1692"
                    TAGREFS="LT85"
                    BASELINE="981 2318 1708 2283" 
                    HPOS="966"
                    VPOS="2213"
                    WIDTH="738"
                    HEIGHT="167">
            <Shape><Polygon POINTS="979 2314 966 2222 1691 2213 1704 2279 1700 2331 1370 2331 1353 2358 1353 2358 1348 2358 1348 2358 1348 2362 1348 2362 1344 2362 1344 2362 1339 2362 1339 2362 1339 2362 1252 2367 1247 2367 1247 2367 1243 2367 1234 2367 1146 2345 979 2380"/></Shape>
	    <String CONTENT="plinio, Varino"
                    HPOS="966"
                    VPOS="2213"
                    WIDTH="738"
                    HEIGHT="167"></String>
          </TextLine>

          
          
          <TextLine ID="eSc_line_80fbbacf"
                    TAGREFS="LT85"
                    BASELINE="918 2437 2297 2349 3382 2336" 
                    HPOS="909"
                    VPOS="2226"
                    WIDTH="2473"
                    HEIGHT="255">
            <Shape><Polygon POINTS="918 2437 909 2331 1133 2340 1164 2318 1168 2314 1168 2314 1172 2314 1172 2314 1177 2314 1177 2314 1177 2314 1181 2314 1181 2314 1186 2314 1199 2318 1278 2336 1410 2310 1489 2292 1489 2292 1489 2292 1493 2292 1493 2292 1555 2301 1642 2318 1669 2296 1682 2288 1682 2283 1682 2283 1686 2283 1686 2283 1686 2283 1691 2283 1691 2283 1695 2283 1695 2283 1787 2292 1849 2296 1950 2283 2099 2266 2099 2266 2104 2266 2104 2266 2165 2274 2240 2288 2359 2266 2473 2248 2473 2248 2477 2248 2477 2248 2561 2257 2675 2274 3369 2226 3382 2336 3382 2367 3075 2367 3057 2380 3048 2389 3048 2389 3044 2389 3044 2389 3044 2389 3039 2389 3039 2389 3039 2389 3035 2389 2952 2384 2728 2371 2631 2402 2596 2411 2591 2411 2591 2411 2587 2411 2587 2411 2587 2411 2547 2406 2446 2384 2187 2415 2187 2415 2183 2415 2020 2402 1858 2437 1814 2446 1814 2446 1814 2446 1809 2446 1809 2446 1809 2446 1805 2446 1787 2441 1722 2419 1638 2450 1621 2454 1616 2454 1616 2454 1616 2454 1612 2454 1612 2454 1581 2450 1467 2432 1410 2459 1401 2463 1401 2463 1401 2463 1396 2463 1396 2463 1392 2463 1392 2463 1392 2463 1388 2463 1388 2463 1388 2463 1379 2459 1339 2437 1313 2463 1309 2463 1309 2468 1309 2468 1304 2468 1304 2468 1300 2468 1300 2468 1300 2468 1295 2468 1295 2468 1291 2468 1291 2468 1291 2468 1287 2468 1287 2463 1260 2450 918 2481"/></Shape>
	    <String CONTENT="Ægiales in Ponto poot Carambin promontorium, lita"
                    HPOS="909"
                    VPOS="2226"
                    WIDTH="2473"
                    HEIGHT="255"></String>
          </TextLine>

          
          
          <TextLine ID="eSc_line_1238e72d"
                    TAGREFS="LT85"
                    BASELINE="997 2538 2301 2472 3421 2446" 
                    HPOS="984"
                    VPOS="2340"
                    WIDTH="2433"
                    HEIGHT="259">
            <Shape><Polygon POINTS="992 2533 984 2468 1076 2463 1107 2428 1107 2428 1107 2424 1107 2424 1111 2424 1111 2424 1111 2424 1115 2424 1115 2424 1120 2424 1120 2424 1120 2424 1124 2424 1225 2454 1282 2432 1282 2432 1287 2432 1287 2432 1291 2432 1291 2432 1445 2446 1449 2446 1449 2446 1528 2411 1528 2411 1533 2411 1533 2411 1533 2411 1537 2411 1537 2411 1541 2411 1638 2437 1673 2406 1673 2402 1673 2402 1678 2402 1678 2402 1678 2402 1682 2402 1682 2402 1686 2402 1686 2402 1893 2428 1897 2428 1906 2428 2130 2384 2130 2384 2135 2384 2877 2389 2912 2389 2930 2389 3255 2340 3255 2340 3259 2340 3259 2340 3259 2340 3408 2371 3417 2441 3417 2494 3325 2507 3325 2507 3321 2507 3321 2507 3321 2507 3316 2507 3316 2507 3312 2507 3312 2507 3312 2503 3307 2503 3277 2472 3237 2498 3233 2498 3233 2498 3228 2498 3228 2498 3228 2498 3224 2498 3022 2481 2987 2516 2982 2516 2982 2520 2982 2520 2978 2520 2978 2520 2978 2520 2974 2520 2974 2520 2974 2525 2807 2525 2802 2525 2798 2520 2798 2520 2793 2520 2793 2520 2793 2520 2789 2520 2754 2494 2627 2529 2627 2529 2622 2529 2622 2529 2618 2529 2618 2529 2618 2529 2618 2529 2613 2529 2613 2529 2613 2529 2569 2507 2231 2507 2126 2551 2117 2555 2117 2555 2113 2555 2113 2555 2113 2555 2108 2555 2108 2555 2104 2555 2104 2555 2095 2555 2007 2520 1867 2564 1862 2564 1858 2564 1858 2564 1858 2564 1853 2564 1853 2564 1840 2564 1748 2551 1651 2573 1642 2573 1642 2573 1642 2573 1638 2573 1638 2573 1638 2573 1634 2573 1634 2573 1634 2573 1629 2573 1585 2547 1502 2577 1502 2577 1498 2577 1498 2577 1498 2577 1493 2577 1493 2577 1493 2577 1493 2577 1489 2577 1418 2555 1401 2577 1396 2577 1396 2582 1396 2582 1392 2582 1392 2582 1392 2582 1388 2582 1388 2582 1383 2582 1383 2582 1216 2564 992 2599"/></Shape>
	    <String CONTENT="est longitudine centum ſtadiorum, cum pago eiusdem"
                    HPOS="984"
                    VPOS="2340"
                    WIDTH="2433"
                    HEIGHT="259"></String>
          </TextLine>

          
          
          <TextLine ID="eSc_line_10b08593"
                    TAGREFS="LT85"
                    BASELINE="1006 2648 2398 2595 3402 2582" 
                    HPOS="992"
                    VPOS="2472"
                    WIDTH="2412"
                    HEIGHT="211">
            <Shape><Polygon POINTS="1001 2643 992 2577 1366 2564 1366 2560 1405 2533 1410 2533 1410 2533 1410 2533 1414 2533 1414 2533 1418 2533 1418 2533 1418 2533 1519 2551 1594 2520 1594 2520 1599 2520 1599 2520 1599 2520 1603 2520 1603 2520 1607 2520 1607 2520 1682 2551 1691 2551 1704 2551 1893 2512 1893 2512 1893 2512 2086 2507 2091 2507 2091 2507 2095 2507 2095 2507 2095 2507 2099 2507 2099 2507 2126 2529 2284 2503 2284 2503 2284 2503 2288 2503 2288 2503 2416 2525 2451 2529 2464 2520 2482 2503 2482 2503 2486 2503 2486 2503 2486 2503 2490 2503 2490 2503 2490 2503 2495 2503 2657 2512 2688 2490 2688 2490 2692 2490 2692 2490 2692 2490 2697 2490 2697 2490 2701 2490 2793 2490 2793 2490 2793 2490 2798 2490 2798 2490 2798 2490 2802 2490 2802 2490 2802 2494 2820 2507 2829 2516 3228 2512 3255 2494 3285 2472 3290 2472 3290 2472 3290 2472 3294 2472 3294 2472 3294 2472 3299 2472 3299 2472 3391 2490 3400 2577 3404 2591 3329 2626 3329 2626 3325 2626 3325 2626 3325 2626 3321 2626 3321 2626 3316 2626 3316 2626 3246 2599 3180 2626 3180 2626 3176 2626 3176 2626 3171 2626 3171 2626 3171 2626 3167 2626 3097 2604 3092 2604 2653 2613 2644 2621 2622 2639 2622 2639 2618 2639 2618 2639 2618 2639 2613 2639 2613 2639 2609 2639 2609 2639 2464 2626 2442 2626 2424 2626 2306 2656 2306 2656 2306 2656 2301 2656 1915 2648 1748 2643 1695 2656 1594 2678 1594 2678 1594 2678 1594 2683 1001 2683"/></Shape>
	    <String CONTENT="nominis, quae Eonqpolis fortasse nunc dicitur. Ex"
                    HPOS="992"
                    VPOS="2472"
                    WIDTH="2412"
                    HEIGHT="211"></String>
          </TextLine>

          
          
          <TextLine ID="eSc_line_d7eb54d5"
                    TAGREFS="LT85"
                    BASELINE="988 2775 1471 2757" 
                    HPOS="975"
                    VPOS="2656"
                    WIDTH="496"
                    HEIGHT="145">
            <Shape><Polygon POINTS="988 2775 975 2661 1458 2656 1471 2757 1471 2801 988 2801"/></Shape>
	    <String CONTENT="Eustathio"
                    HPOS="975"
                    VPOS="2656"
                    WIDTH="496"
                    HEIGHT="145"></String>
          </TextLine>

          
          
          <TextLine ID="eSc_line_6243a2fd"
                    TAGREFS="LT85"
                    BASELINE="729 2898 1111 2894 1827 2841 3382 2771" 
                    HPOS="711"
                    VPOS="2687"
                    WIDTH="2671"
                    HEIGHT="264">
            <Shape><Polygon POINTS="729 2898 711 2828 856 2784 861 2784 861 2784 865 2784 1335 2793 1401 2793 1410 2788 1489 2753 1489 2753 1493 2753 1493 2753 1493 2753 1818 2740 1823 2740 1823 2740 1823 2740 1827 2740 1827 2740 1884 2762 1889 2766 1897 2762 1972 2731 1972 2731 1976 2731 1976 2731 1976 2731 1981 2731 1981 2731 1985 2731 1985 2731 1985 2731 1990 2731 2025 2757 2029 2757 2033 2757 2060 2731 2060 2727 2060 2727 2064 2727 2064 2727 2064 2727 2069 2727 2069 2727 2073 2727 2073 2727 2073 2727 2187 2749 2214 2753 2222 2744 2249 2722 2249 2718 2249 2718 2253 2718 2253 2718 2253 2718 2258 2718 2258 2718 2262 2718 2262 2718 2262 2718 2359 2740 2389 2744 2552 2740 2565 2727 2600 2700 2600 2700 2605 2700 2605 2700 2605 2700 2609 2700 2609 2700 2613 2700 2613 2700 2767 2718 2833 2722 3369 2687 3382 2771 3373 2828 3272 2801 3189 2801 3167 2832 3162 2832 3162 2837 3162 2837 3158 2837 3158 2837 3154 2837 3154 2837 3154 2837 3149 2837 3149 2837 3145 2837 3145 2837 3145 2837 3088 2810 3013 2845 3004 2850 3004 2850 3000 2850 3000 2850 3000 2850 2996 2850 2996 2850 2996 2850 2991 2850 2991 2850 2982 2845 2921 2819 2837 2854 2824 2858 2824 2858 2820 2858 2820 2858 2820 2858 2815 2858 2815 2858 2811 2858 2811 2858 2802 2854 2728 2828 2468 2872 2455 2872 2455 2872 2451 2872 2451 2872 2442 2872 2275 2850 2121 2858 2099 2889 2099 2889 2095 2889 2095 2894 2095 2894 2091 2894 2091 2894 2091 2894 2086 2894 2086 2894 2086 2898 1946 2898 1287 2898 1208 2929 1190 2938 1190 2938 1186 2938 1186 2938 1186 2938 1181 2938 1085 2938 843 2929 729 2951"/></Shape>
	    <String CONTENT="10 Ægirusa urbs Megaridis, Ægiros dicitura Theopompo. Ex Sep"
                    HPOS="711"
                    VPOS="2687"
                    WIDTH="2671"
                    HEIGHT="264"></String>
          </TextLine>

          
          
          <TextLine ID="eSc_line_00e20324"
                    TAGREFS="LT85"
                    BASELINE="724 3017 1572 2968 3408 2902" 
                    HPOS="716"
                    VPOS="2810"
                    WIDTH="2692"
                    HEIGHT="264">
            <Shape><Polygon POINTS="724 3017 716 2911 1010 2924 1199 2920 1221 2889 1221 2889 1225 2889 1225 2885 1225 2885 1230 2885 1230 2885 1230 2885 1234 2885 1234 2885 1238 2885 1238 2885 1278 2889 1449 2907 1629 2876 1678 2867 1678 2867 1678 2867 1682 2867 1748 2872 1919 2880 2082 2858 2148 2850 2148 2850 2152 2850 2152 2850 2192 2854 2337 2872 2420 2845 2446 2837 2451 2837 2451 2837 2451 2837 2455 2837 2543 2841 2780 2854 3400 2810 3408 2902 3408 2924 3180 2968 3180 2968 3180 2968 3176 2968 3176 2968 3171 2968 3075 2942 3048 2964 3048 2964 3044 2964 3044 2964 3039 2964 3039 2964 3039 2964 3035 2964 2776 2955 2723 2955 2714 2959 2613 3003 2613 3003 2609 3003 2609 3003 2609 3003 2605 3003 2605 3003 2605 3003 2600 3003 2600 3003 2512 2968 2508 2964 2508 2968 2473 2995 2473 2999 2473 2999 2468 2999 2468 2999 2464 2999 2464 2999 2464 2999 2460 2999 2460 2999 2455 2999 2455 2999 2455 2999 2451 2999 2451 2999 2420 2973 2389 3003 2389 3003 2389 3008 2389 3008 2385 3008 2385 3008 2381 3008 2381 3008 2381 3008 2376 3008 2376 3008 2372 3008 2372 3008 2372 3008 2306 2977 2301 2973 2293 2977 2240 3012 2236 3012 2236 3012 2236 3012 2231 3012 2231 3012 2227 3012 2227 3012 2227 3012 2091 2986 2060 2981 2033 2990 1950 3017 1946 3017 1946 3017 1946 3017 1941 3017 1941 3017 1823 2999 1818 2999 1814 2999 1726 3034 1726 3034 1722 3034 1722 3034 1722 3034 1717 3034 1717 3034 1581 3008 1563 3008 1559 3012 1511 3047 1506 3047 1506 3047 1506 3047 1502 3047 1502 3047 1502 3047 1498 3047 1326 3034 821 3074 817 3074 817 3074 817 3074 812 3074 812 3074 812 3074 808 3074 808 3074 808 3069 781 3047 768 3034 729 3047"/></Shape>
	    <String CONTENT="1 Ægnatiolum, uel Egnatia Italiae appidum, Iuuenaticum est"
                    HPOS="716"
                    VPOS="2810"
                    WIDTH="2692"
                    HEIGHT="264"></String>
          </TextLine>

          
          
          <TextLine ID="eSc_line_2f84634d"
                    TAGREFS="LT85"
                    BASELINE="1032 3118 3417 3003" 
                    HPOS="1019"
                    VPOS="2924"
                    WIDTH="2398"
                    HEIGHT="251">
            <Shape><Polygon POINTS="1032 3118 1019 3047 1177 3017 1177 3017 1177 3017 1181 3017 1181 3017 1287 3030 1317 3003 1317 3003 1322 3003 1322 3003 1322 3003 1326 3003 1326 3003 1326 3003 1331 3003 1550 3017 1555 3017 1559 3017 1660 2986 1664 2986 1664 2986 1669 2986 1669 2986 1831 3003 1845 3003 1862 3003 2033 2968 2033 2968 2033 2968 2038 2968 2038 2968 2038 2968 2042 2968 2042 2968 2091 2990 2121 2964 2121 2964 2126 2964 2126 2964 2126 2964 2130 2964 2130 2964 2135 2964 2135 2964 2271 2981 2279 2981 2284 2981 2306 2959 2306 2955 2306 2955 2310 2955 2310 2955 2310 2955 2315 2955 2315 2955 2315 2955 2319 2955 2319 2955 2323 2955 2323 2955 2323 2955 2367 2977 2372 2977 2381 2977 2486 2946 2490 2946 2490 2946 2495 2946 2495 2946 2495 2946 2499 2946 2565 2964 2578 2968 2596 2964 2670 2938 2675 2938 2675 2938 2675 2938 2679 2938 2679 2938 2679 2938 2758 2955 2767 2955 3408 2924 3417 3003 3417 3030 3070 3043 3061 3052 3035 3074 3035 3078 3031 3078 3031 3078 3031 3078 3026 3078 3026 3078 3026 3078 3022 3078 2859 3065 2785 3060 2714 3074 2591 3100 2591 3100 2587 3100 2323 3100 2055 3096 1990 3118 1950 3131 1946 3131 1946 3131 1946 3131 1941 3131 1827 3126 1660 3122 1634 3140 1629 3144 1629 3144 1625 3144 1625 3144 1621 3144 1621 3144 1621 3144 1616 3144 1616 3144 1616 3144 1612 3144 1603 3140 1546 3122 1498 3148 1493 3148 1493 3148 1493 3148 1489 3148 1489 3148 1168 3166 1164 3166 1164 3166 1164 3166 1164 3166 1159 3166 1107 3148 1036 3175"/></Shape>
	    <String CONTENT="n Apulia, uel Monopoli. Ex Munstero, Italicarum Vrbo"
                    HPOS="1019"
                    VPOS="2924"
                    WIDTH="2398"
                    HEIGHT="251"></String>
          </TextLine>

          
          
          <TextLine ID="eSc_line_0f64d7bc"
                    TAGREFS="LT85"
                    BASELINE="992 3232 3413 3118" 
                    HPOS="988"
                    VPOS="3021"
                    WIDTH="2425"
                    HEIGHT="246">
            <Shape><Polygon POINTS="992 3232 988 3131 1067 3153 1120 3131 1120 3131 1124 3131 1124 3131 1124 3131 1129 3131 1440 3135 1506 3109 1533 3100 1533 3100 1537 3100 1537 3100 1541 3100 1541 3100 1541 3100 1546 3100 1572 3109 1629 3126 1981 3091 2284 3065 2288 3065 2288 3065 2288 3065 2293 3065 2293 3065 2293 3065 2323 3082 2337 3087 2350 3078 2394 3060 2394 3060 2398 3060 2398 3060 2398 3060 2565 3056 2569 3056 2569 3056 2574 3056 2574 3056 2574 3056 2578 3056 2578 3056 2578 3060 2591 3069 2596 3078 2609 3069 2653 3047 2653 3047 2653 3047 2657 3047 2657 3047 2662 3047 2662 3047 2662 3047 2741 3065 2745 3065 2750 3065 2833 3039 2837 3039 2837 3039 2837 3039 2842 3039 2842 3039 2846 3039 2846 3039 2846 3039 2851 3039 2881 3060 2890 3065 3119 3060 3136 3052 3211 3021 3211 3021 3215 3021 3215 3021 3220 3021 3220 3021 3408 3043 3413 3118 3404 3175 3316 3148 2675 3175 2600 3205 2578 3214 2578 3214 2574 3214 2574 3214 2148 3232 2143 3232 2143 3232 2143 3232 2139 3232 2139 3232 2135 3232 2126 3227 2099 3210 2055 3227 2020 3241 2020 3241 2016 3241 2016 3241 2012 3241 2012 3241 1919 3232 1796 3223 1766 3241 1739 3254 1739 3254 1739 3254 1735 3254 1735 3254 1735 3254 992 3267"/></Shape>
	    <String CONTENT="declaratiane, quae Hippolyti Medicis cardinalis esse creditur"
                    HPOS="988"
                    VPOS="3021"
                    WIDTH="2425"
                    HEIGHT="246"></String>
          </TextLine>

          
          
          <TextLine ID="eSc_line_3cb768f4"
                    TAGREFS="LT85"
                    BASELINE="711 3359 1045 3359 3413 3227" 
                    HPOS="702"
                    VPOS="3131"
                    WIDTH="2711"
                    HEIGHT="325">
            <Shape><Polygon POINTS="711 3359 702 3271 918 3258 922 3258 922 3258 922 3258 935 3258 1045 3284 1181 3280 1221 3249 1225 3241 1225 3241 1230 3241 1230 3241 1230 3241 1234 3241 1234 3241 1238 3241 1238 3241 1238 3241 1243 3241 1260 3245 1326 3267 1550 3232 1686 3214 1686 3214 1691 3214 1691 3214 1691 3214 1695 3214 1695 3214 1695 3214 1717 3227 1735 3236 1744 3227 1757 3214 1757 3210 1757 3210 1761 3210 1761 3210 1761 3210 1766 3210 1766 3210 1770 3210 1770 3210 1867 3219 1928 3227 1941 3219 1954 3205 1954 3201 1954 3201 1959 3201 1959 3201 1959 3201 1963 3201 1963 3201 1968 3201 1968 3201 1968 3201 2029 3214 2038 3214 2042 3214 2086 3192 2086 3192 2086 3192 2091 3192 2091 3192 2095 3192 2095 3192 2095 3192 2178 3205 2240 3219 2266 3201 2284 3192 2288 3192 2288 3192 2293 3192 2293 3192 2293 3192 2297 3192 2420 3197 2543 3201 2591 3188 2679 3166 2684 3166 2684 3166 2688 3166 2688 3166 2688 3166 2692 3166 2745 3183 2763 3188 2802 3179 2925 3157 2925 3157 2925 3157 2930 3157 2930 3157 2934 3157 2934 3157 2934 3157 2938 3157 2938 3157 2960 3175 2969 3179 3132 3175 3145 3166 3215 3131 3215 3131 3215 3131 3220 3131 3220 3131 3224 3131 3224 3131 3408 3157 3413 3227 3413 3263 2987 3284 2978 3298 2956 3315 2956 3315 2952 3315 2952 3315 2952 3315 2947 3315 2947 3315 2947 3315 2943 3315 2846 3311 2815 3337 2815 3342 2815 3342 2811 3342 2811 3342 2811 3342 2807 3342 2807 3342 2719 3346 2714 3346 2714 3346 2710 3346 2710 3346 2710 3346 2706 3346 2662 3320 2649 3306 2635 3320 2618 3333 2618 3337 2618 3337 2613 3337 2613 3337 2609 3337 2609 3337 2609 3337 2605 3337 2605 3337 2600 3337 2600 3337 2600 3337 2596 3337 2578 3324 2574 3320 2569 3324 2539 3350 2539 3350 2534 3350 2534 3350 2534 3350 2530 3350 2530 3350 2525 3350 2525 3350 2420 3337 2376 3364 2372 3364 2372 3364 2367 3364 2367 3364 2367 3364 2363 3364 2183 3355 2007 3342 1981 3368 1976 3368 1976 3372 1976 3372 1972 3372 1972 3372 1972 3372 1968 3372 1968 3372 1968 3372 1963 3372 1963 3372 1937 3372 1853 3359 1801 3381 1752 3399 1752 3399 1748 3399 1748 3399 1748 3399 1744 3399 1744 3399 1739 3399 1739 3399 1739 3399 1735 3399 1735 3399 1722 3385 1708 3377 1691 3390 1660 3403 1660 3403 1660 3403 1656 3403 1656 3403 1656 3403 1651 3403 1651 3403 1647 3403 1647 3403 1647 3403 1642 3403 1642 3403 1629 3394 1607 3377 1427 3377 1265 3416 1238 3425 1234 3425 1234 3425 716 3456"/></Shape>
	    <String CONTENT="a Ægusa Insula in Lolbya prope Sicueliam, Egnusa a Liuio"
                    HPOS="702"
                    VPOS="3131"
                    WIDTH="2711"
                    HEIGHT="325"></String>
          </TextLine>

          
          
          <TextLine ID="eSc_line_6f208b47"
                    TAGREFS="LT85"
                    BASELINE="1001 3495 3417 3364" 
                    HPOS="988"
                    VPOS="3263"
                    WIDTH="2429"
                    HEIGHT="289">
            <Shape><Polygon POINTS="1001 3495 988 3425 1282 3381 1282 3381 1287 3381 1287 3381 1291 3381 1291 3381 1291 3381 1326 3399 1388 3359 1392 3359 1392 3359 1392 3359 1396 3359 1396 3359 1401 3359 1401 3359 1401 3359 1550 3390 1555 3390 1568 3390 1796 3337 1796 3337 1796 3337 1801 3337 1801 3337 1941 3364 1963 3333 1968 3333 1968 3333 1968 3328 1968 3328 1972 3328 1972 3328 1972 3328 1976 3328 1976 3328 2038 3324 2038 3324 2148 3320 2152 3320 2152 3320 2156 3320 2156 3320 2156 3320 2161 3320 2161 3320 2200 3355 2205 3355 2350 3350 2363 3342 2442 3302 2442 3302 2442 3302 2446 3302 2446 3302 2451 3302 2789 3320 2842 3320 2899 3311 3075 3284 3075 3284 3079 3284 3079 3284 3184 3298 3215 3298 3224 3293 3281 3263 3281 3263 3281 3263 3285 3263 3285 3263 3285 3263 3290 3263 3290 3263 3408 3284 3417 3364 3417 3399 2697 3425 2653 3451 2618 3465 2618 3465 2613 3465 2613 3465 2613 3465 1726 3513 1722 3513 1664 3513 1458 3504 1414 3526 1414 3530 1410 3530 1410 3530 1405 3530 1405 3530 1405 3530 1401 3530 1401 3530 1388 3530 1282 3513 1001 3552"/></Shape>
	    <String CONTENT="et Floro dicta, ab alijs Æthusa, ab Aphris Catria, nun"
                    HPOS="988"
                    VPOS="3263"
                    WIDTH="2429"
                    HEIGHT="289"></String>
          </TextLine>

          
          
          <TextLine ID="eSc_line_2b8a369b"
                    TAGREFS="LT85"
                    BASELINE="1010 3614 2631 3526 3373 3517" 
                    HPOS="1001"
                    VPOS="3403"
                    WIDTH="2372"
                    HEIGHT="272">
            <Shape><Polygon POINTS="1010 3614 1001 3535 1142 3535 1159 3522 1181 3504 1181 3504 1186 3504 1186 3504 1186 3504 1190 3504 1190 3504 1194 3504 1194 3504 1194 3504 1199 3504 1247 3517 1273 3526 1559 3522 1682 3495 1752 3482 1752 3482 1757 3482 1871 3482 2121 3491 2209 3465 2227 3460 2231 3460 2231 3460 2236 3460 2236 3460 2236 3460 2240 3460 2249 3465 2310 3482 2381 3456 2402 3447 2402 3447 2407 3447 2407 3447 2411 3447 2411 3447 2460 3451 2574 3465 2741 3434 2785 3429 2785 3429 2789 3429 2789 3429 2815 3429 2965 3451 3048 3416 3057 3416 3057 3416 3061 3416 3061 3416 3066 3416 3066 3416 3066 3416 3079 3416 3176 3438 3356 3403 3373 3517 3369 3561 2798 3561 2763 3587 2763 3587 2763 3592 2758 3592 2758 3592 2758 3592 2754 3592 2754 3592 2754 3592 2750 3592 2750 3592 2745 3592 2736 3592 2679 3574 2429 3605 2323 3618 2323 3618 2319 3618 2319 3618 2315 3618 2315 3618 2297 3614 2227 3587 2156 3609 2152 3609 2152 3609 2152 3609 2148 3609 2148 3609 2051 3596 1814 3636 1761 3645 1761 3645 1010 3675"/></Shape>
	    <String CONTENT="tauiliana, uel Fauiniana. Ex plinio, Stephano, Hrratio"
                    HPOS="1001"
                    VPOS="3403"
                    WIDTH="2372"
                    HEIGHT="272"></String>
          </TextLine>

          
          
          <TextLine ID="eSc_line_4b4d0888"
                    TAGREFS="LT85"
                    BASELINE="729 3864 834 3860 1045 3852 2895 3754 3391 3754" 
                    HPOS="711"
                    VPOS="3653"
                    WIDTH="2676"
                    HEIGHT="251">
            <Shape><Polygon POINTS="724 3860 711 3763 918 3750 922 3750 922 3750 922 3750 926 3750 926 3750 931 3750 931 3750 931 3754 935 3754 966 3785 1054 3785 1405 3737 1462 3732 1462 3732 1467 3732 1467 3732 1471 3732 1489 3737 1563 3754 1599 3732 1607 3724 1612 3724 1612 3724 1612 3724 1616 3724 1616 3724 1621 3724 1621 3724 1621 3724 1625 3724 1625 3724 1625 3724 1629 3724 1629 3724 1629 3728 1634 3732 1656 3750 1708 3728 1713 3728 1713 3728 1717 3728 1717 3728 1722 3728 1722 3728 1722 3728 1726 3728 1726 3728 1726 3728 1726 3728 1757 3741 1770 3728 1787 3710 1787 3710 1787 3706 1787 3706 1792 3706 1792 3706 1792 3706 1796 3706 1796 3706 1937 3697 1941 3697 1941 3697 1941 3697 1946 3697 1946 3697 1950 3697 1985 3719 2025 3741 2069 3715 2108 3697 2108 3697 2108 3697 2113 3697 2113 3697 2117 3697 2117 3697 2117 3697 2121 3697 2121 3697 2126 3697 2126 3697 2126 3702 2143 3715 2161 3732 2192 3710 2214 3702 2214 3702 2214 3702 2218 3702 2218 3702 2218 3702 2222 3702 2310 3710 2433 3719 2446 3706 2455 3693 2460 3693 2460 3689 2460 3689 2464 3689 2464 3689 2468 3689 2468 3689 2468 3689 2473 3689 2473 3689 2477 3689 2530 3702 2552 3706 2578 3702 2657 3675 2662 3675 2662 3675 2662 3675 2666 3675 2666 3675 2670 3675 2736 3693 2767 3702 2807 3693 2960 3653 2965 3653 2965 3653 2969 3653 2969 3653 2969 3653 2974 3653 2974 3653 2978 3653 3026 3684 3039 3689 3382 3675 3387 3750 3382 3781 2903 3781 2824 3807 2811 3811 2811 3811 2807 3811 2807 3811 2802 3811 2802 3811 2802 3811 2798 3811 2798 3811 2798 3811 2793 3811 2793 3807 2758 3785 2609 3816 2547 3829 2547 3829 2547 3829 2543 3829 2543 3829 2543 3829 2504 3820 2376 3794 2244 3820 2244 3820 2244 3820 2240 3820 2055 3811 2012 3842 2012 3842 2007 3842 2007 3842 2003 3842 2003 3842 2003 3842 1998 3842 1998 3842 1998 3842 1994 3842 1946 3825 1919 3847 1919 3847 1919 3851 1919 3851 1915 3851 1915 3851 1915 3851 1910 3851 1910 3851 1906 3851 1906 3851 1880 3851 1678 3829 1357 3860 1335 3873 1313 3891 1309 3891 1309 3891 1309 3891 1304 3891 1304 3891 1304 3891 1300 3891 1300 3891 1225 3877 1133 3864 1102 3886 1076 3904 1071 3904 1071 3904 1071 3904 1067 3904 1067 3904 1063 3904 720 3899"/></Shape>
	    <String CONTENT="15 Ægyptus prouincia celebris maiori ex pare a Nilo in mar"
                    HPOS="711"
                    VPOS="3653"
                    WIDTH="2676"
                    HEIGHT="251"></String>
          </TextLine>

          
          
          <TextLine ID="eSc_line_b04c4af0"
                    TAGREFS="LT85"
                    BASELINE="1019 3983 1230 3961 1331 3943 1994 3899 3422 3860" 
                    HPOS="1001"
                    VPOS="3754"
                    WIDTH="2416"
                    HEIGHT="238">
            <Shape><Polygon POINTS="1014 3978 1001 3877 1295 3864 1396 3820 1396 3820 1401 3820 1401 3820 1405 3820 1405 3820 1405 3820 1410 3820 1410 3820 1410 3820 1476 3855 1563 3855 1660 3807 1660 3807 1660 3807 1664 3807 1664 3807 1858 3798 1858 3798 2372 3781 2376 3781 2376 3781 2381 3781 2381 3781 2381 3781 2385 3781 2385 3781 2424 3816 2547 3816 2578 3776 2583 3776 2583 3772 2583 3772 2587 3772 2587 3772 2587 3772 2591 3772 2591 3772 2596 3772 2644 3772 2644 3772 2644 3772 2649 3772 2649 3772 2649 3772 2653 3772 2710 3811 2710 3811 2763 3811 2890 3807 2916 3781 2916 3776 2916 3776 2921 3776 2921 3776 2921 3776 2925 3776 2925 3776 2930 3776 2930 3776 2930 3776 3044 3798 3127 3754 3127 3754 3127 3754 3132 3754 3132 3754 3136 3754 3136 3754 3136 3754 3141 3754 3255 3790 3408 3790 3417 3855 3413 3899 3070 3886 2820 3926 2798 3926 2798 3926 2793 3926 2793 3926 2793 3926 2789 3926 2789 3926 2785 3926 2719 3899 1963 3952 1959 3952 1959 3952 1954 3952 1858 3930 1014 3992"/></Shape>
	    <String CONTENT="fnata unde eam olin maure fuise dicunt Herodotus, et"
                    HPOS="1001"
                    VPOS="3754"
                    WIDTH="2416"
                    HEIGHT="238"></String>
          </TextLine>

          
          
          <TextLine ID="eSc_line_9e22fd2c"
                    TAGREFS="LT85"
                    BASELINE="1012 4079 1188 4098 1471 4062 1594 4044 2460 4000 3404 3978" 
                    HPOS="1001"
                    VPOS="3886"
                    WIDTH="2403"
                    HEIGHT="233">
            <Shape><Polygon POINTS="1010 4075 1001 3996 1164 3965 1164 3965 1168 3965 1168 3965 1295 3983 1304 3983 1313 3983 1458 3930 1458 3930 1462 3930 1462 3930 1467 3930 1467 3930 1467 3930 1471 3930 1471 3930 1471 3930 1476 3930 1533 3970 1678 3926 1682 3926 1682 3926 1682 3926 1686 3926 1686 3926 1787 3939 1809 3921 1809 3917 1809 3917 1814 3917 1814 3917 1814 3917 1818 3917 1818 3917 1818 3917 2073 3908 2077 3908 2077 3908 2082 3908 2082 3908 2139 3930 2363 3895 2363 3895 2367 3895 2367 3895 2367 3895 2372 3895 2372 3895 2468 3939 2473 3939 2477 3939 2583 3886 2583 3886 2583 3886 2587 3886 2587 3886 2591 3886 2684 3891 2684 3891 2684 3891 2688 3891 2688 3891 2692 3891 2692 3891 2741 3926 2741 3926 3391 3904 3400 3974 3404 4005 3338 4031 3338 4031 3334 4031 3334 4031 3329 4031 3329 4031 3329 4031 3325 4031 3264 4013 3233 4005 2881 4013 2859 4031 2837 4053 2837 4053 2833 4053 2833 4053 2833 4053 2829 4053 2829 4053 2829 4053 2714 4057 2710 4057 2710 4057 2710 4057 2706 4057 2706 4057 2670 4040 2644 4031 2504 4049 2429 4057 2429 4057 2424 4057 2424 4057 2420 4057 2420 4057 2420 4057 2411 4053 2372 4035 2214 4062 2209 4062 2209 4062 2205 4062 2205 4062 2200 4062 2069 4049 1963 4075 1910 4088 1906 4088 1906 4088 1902 4088 1902 4088 1849 4079 1779 4071 1010 4119"/></Shape>
	    <String CONTENT="Diodannus : a Helo ipso uocata, qui Ægyptus nuncupat"
                    HPOS="1001"
                    VPOS="3886"
                    WIDTH="2403"
                    HEIGHT="233"></String>
          </TextLine>

          
          
          <TextLine ID="eSc_line_58f93480"
                    TAGREFS="LT85"
                    BASELINE="1014 4185 1849 4163 1867 4158 2416 4123 3392 4110" 
                    HPOS="1001"
                    VPOS="4009"
                    WIDTH="2394"
                    HEIGHT="211">
            <Shape><Polygon POINTS="1010 4180 1001 4097 1418 4071 1423 4071 1423 4071 1423 4071 1484 4084 1506 4088 1533 4084 1691 4040 1695 4040 1695 4040 1700 4040 1700 4040 1700 4040 1827 4066 2047 4027 2047 4027 2051 4027 2051 4027 2051 4027 2055 4027 2148 4053 2240 4022 2240 4022 2244 4022 2244 4022 2249 4022 2249 4022 2455 4040 2525 4013 2525 4013 2530 4013 2530 4013 2534 4013 2666 4013 2666 4013 2666 4013 2670 4013 2670 4013 2670 4013 2675 4013 2675 4013 2719 4053 2851 4013 2855 4013 2855 4013 2855 4013 2859 4013 2859 4013 2859 4013 2960 4035 2991 4009 2991 4009 2996 4009 2996 4009 2996 4009 3000 4009 3000 4009 3004 4009 3004 4009 3004 4009 3176 4044 3255 4018 3255 4018 3259 4018 3259 4018 3264 4018 3264 4018 3264 4018 3382 4044 3391 4106 3395 4123 3259 4167 3255 4167 3255 4167 3255 4167 3250 4167 3250 4167 3246 4167 3246 4167 3246 4167 3242 4167 3202 4141 3167 4158 3167 4158 3167 4158 3162 4158 3162 4158 3158 4158 3158 4158 3158 4158 3061 4136 3044 4136 3009 4141 2706 4185 2706 4185 2701 4185 2701 4185 2697 4185 2596 4158 2561 4150 2442 4163 2301 4180 2301 4180 2297 4180 2297 4180 2293 4180 2293 4180 2293 4180 2288 4180 2288 4180 2275 4172 2258 4158 2042 4158 1954 4185 1862 4207 1858 4207 1858 4207 1010 4220"/></Shape>
	    <String CONTENT="batur, uel ab Ægypto Beli filio Rege Arabiae, quis"
                    HPOS="1001"
                    VPOS="4009"
                    WIDTH="2394"
                    HEIGHT="211"></String>
          </TextLine>

          
          
          <TextLine ID="eSc_line_e5fe4e73"
                    TAGREFS="LT85"
                    BASELINE="1014 4295 2381 4251 3404 4242" 
                    HPOS="1006"
                    VPOS="4123"
                    WIDTH="2398"
                    HEIGHT="211">
            <Shape><Polygon POINTS="1014 4295 1006 4224 1225 4216 1256 4185 1256 4185 1260 4185 1260 4185 1260 4185 1265 4185 1265 4185 1265 4185 1269 4185 1269 4185 1273 4185 1370 4211 1375 4211 1379 4211 1458 4167 1458 4167 1458 4167 1462 4167 1462 4167 1462 4167 1467 4167 1467 4167 1700 4198 1735 4202 1792 4198 2121 4150 2121 4150 2565 4141 2569 4141 2569 4141 2714 4167 2785 4176 3189 4172 3215 4150 3250 4123 3250 4123 3255 4123 3255 4123 3259 4123 3259 4123 3259 4123 3264 4123 3264 4123 3395 4145 3404 4242 3404 4277 1014 4334"/></Shape>
	    <String CONTENT="eam fubegit, quae erat Melampodorum regio : a phoe"
                    HPOS="1006"
                    VPOS="4123"
                    WIDTH="2398"
                    HEIGHT="211"></String>
          </TextLine>

          
          
          <TextLine ID="eSc_line_d308563c"
                    TAGREFS="LT85"
                    BASELINE="1014 4422 1880 4382 3435 4365" 
                    HPOS="1001"
                    VPOS="4255"
                    WIDTH="2434"
                    HEIGHT="206">
            <Shape><Polygon POINTS="1014 4422 1001 4347 1058 4321 1058 4321 1063 4321 1063 4321 1063 4321 1067 4321 1067 4321 1067 4321 1071 4321 1129 4338 1181 4303 1186 4303 1186 4303 1186 4303 1190 4303 1190 4303 1194 4303 1194 4303 1194 4303 1199 4303 1199 4303 1273 4334 1396 4312 1396 4312 1401 4312 1401 4312 1599 4330 1739 4286 1744 4286 1744 4286 1744 4286 2139 4277 2143 4277 2279 4277 2279 4277 2279 4277 2284 4277 2284 4277 2284 4277 2288 4277 2332 4308 2385 4273 2389 4273 2389 4273 2389 4273 2394 4273 2394 4273 2394 4273 2591 4268 2596 4268 2596 4268 2600 4268 2600 4268 2710 4308 2811 4277 2815 4277 2815 4277 2815 4277 2820 4277 2820 4277 2824 4277 2824 4277 2824 4277 2881 4308 3039 4308 3237 4303 3343 4255 3343 4255 3347 4255 3347 4255 3347 4255 3351 4255 3351 4255 3351 4255 3356 4255 3356 4255 3360 4255 3435 4299 3435 4365 3426 4413 3369 4387 3290 4418 3272 4422 3272 4422 3268 4422 3268 4422 3264 4422 3110 4422 3092 4418 3092 4418 3092 4418 3088 4418 3088 4418 3088 4418 3083 4418 3048 4391 2956 4422 2943 4426 2938 4426 2938 4426 2938 4426 2934 4426 2934 4426 2930 4426 2930 4426 2930 4426 2925 4422 2868 4396 2824 4418 2824 4418 2824 4418 2820 4418 2820 4418 2815 4418 2815 4418 2644 4400 2609 4431 2605 4431 2605 4435 2605 4435 2600 4435 2600 4435 2596 4435 2596 4435 2596 4435 2591 4435 2591 4435 2591 4435 2587 4435 2587 4435 2583 4435 2583 4435 2578 4431 2539 4404 2402 4404 2337 4435 2337 4435 2337 4435 2337 4435 2332 4435 2332 4435 2332 4435 2328 4435 2328 4435 2323 4435 2323 4435 2323 4435 2323 4435 2319 4435 2319 4435 2284 4409 2051 4435 2051 4435 2047 4435 2047 4435 1915 4413 1717 4444 1717 4444 1713 4444 1713 4444 1713 4444 1708 4444 1642 4426 1603 4453 1603 4453 1599 4453 1599 4453 1599 4453 1594 4453 1594 4453 1594 4453 1014 4461"/></Shape>
	    <String CONTENT="nicibus Myaria dicta, Aëria, Aëtia item a quodanc"
                    HPOS="1001"
                    VPOS="4255"
                    WIDTH="2434"
                    HEIGHT="206"></String>
          </TextLine>

          
          
          <TextLine ID="eSc_line_5607585a"
                    TAGREFS="LT85"
                    BASELINE="1032 4562 1823 4514 2855 4510 3364 4527" 
                    HPOS="1023"
                    VPOS="4400"
                    WIDTH="2337"
                    HEIGHT="202">
            <Shape><Polygon POINTS="1027 4558 1023 4448 1269 4461 1366 4444 1432 4431 1432 4431 1432 4431 1436 4431 1436 4431 1440 4431 1440 4431 1440 4431 1462 4444 1493 4457 1572 4439 1647 4426 1647 4426 1647 4426 1651 4426 1827 4439 1919 4444 1954 4439 2042 4418 2042 4418 2042 4418 2047 4418 2047 4418 2047 4418 2051 4418 2051 4418 2055 4418 2086 4435 2099 4444 2183 4435 2376 4413 2376 4413 2381 4413 2381 4413 2490 4431 2534 4439 2565 4431 2644 4409 2649 4409 2649 4409 2653 4409 2653 4409 2653 4409 2754 4431 2789 4435 2842 4431 3048 4400 3048 4400 3053 4400 3053 4400 3057 4400 3057 4400 3057 4400 3061 4400 3061 4400 3092 4426 3097 4426 3351 4426 3360 4523 3351 4558 3180 4527 3110 4527 3057 4567 3057 4567 3057 4567 3053 4567 3053 4567 3048 4567 3048 4567 3048 4567 3044 4567 3044 4567 3026 4567 2802 4532 2714 4571 2714 4571 2714 4571 2710 4571 2710 4571 2710 4571 2706 4571 2706 4571 2697 4571 2464 4540 2416 4576 2411 4576 2411 4576 2411 4576 2407 4576 2407 4576 2407 4576 2402 4580 2288 4580 2284 4580 2249 4580 2161 4576 2161 4576 2161 4576 2156 4576 2156 4576 2156 4576 2152 4576 2152 4576 2152 4571 2121 4545 1787 4545 1629 4589 1625 4589 1625 4589 1027 4602"/></Shape>
	    <String CONTENT="Aeto Indo, Potamitis, Ogygia, Hermocbymios,"
                    HPOS="1023"
                    VPOS="4400"
                    WIDTH="2337"
                    HEIGHT="202"></String>
          </TextLine>

          
          
          <TextLine ID="eSc_line_4aa18686"
                    TAGREFS="LT85"
                    BASELINE="1019 4672 3422 4637" 
                    HPOS="1014"
                    VPOS="4527"
                    WIDTH="2408"
                    HEIGHT="202">
            <Shape><Polygon POINTS="1019 4672 1014 4589 1282 4598 1322 4580 1379 4558 1379 4558 1383 4558 1383 4558 1383 4558 1388 4558 1388 4558 1392 4558 1392 4558 1392 4558 1432 4580 1462 4598 1607 4598 1664 4576 1739 4549 1744 4549 1744 4549 1744 4549 1748 4549 1748 4549 1748 4549 1752 4549 1752 4549 1752 4549 1796 4571 1805 4576 1818 4571 1906 4545 1910 4545 1910 4545 1910 4545 1915 4545 2231 4562 2266 4540 2271 4540 2271 4540 2275 4540 2275 4540 2275 4540 2279 4540 2279 4540 2279 4540 2284 4540 2284 4540 2288 4540 2288 4540 2288 4545 2310 4562 2319 4571 2332 4562 2381 4540 2381 4540 2381 4540 2385 4540 2385 4540 2389 4540 2389 4540 2389 4540 2394 4540 2394 4540 2438 4562 2482 4580 2547 4580 2569 4558 2596 4536 2596 4536 2600 4536 2600 4536 2600 4536 2605 4536 2605 4536 2605 4536 2609 4536 2609 4536 2613 4536 2688 4558 2754 4576 2811 4554 2873 4532 2873 4532 2877 4532 2877 4532 2881 4532 2881 4532 2881 4532 2886 4532 2886 4532 2930 4554 2965 4567 3026 4549 3110 4527 3114 4527 3114 4527 3119 4527 3119 4527 3119 4527 3123 4527 3123 4527 3123 4527 3162 4549 3180 4558 3198 4549 3237 4527 3237 4527 3237 4527 3242 4527 3242 4527 3242 4527 3246 4527 3246 4527 3250 4527 3250 4527 3250 4527 3290 4545 3338 4567 3404 4545 3422 4637 3422 4681 2925 4707 2921 4707 2921 4707 2921 4707 2916 4707 2916 4707 2912 4707 2912 4707 2890 4690 2868 4677 2640 4677 2600 4694 2521 4716 2517 4716 2517 4716 2512 4716 2512 4716 2512 4716 2402 4694 2354 4685 2293 4694 2174 4716 2174 4716 2174 4716 2170 4716 2170 4716 2165 4716 2095 4699 2055 4690 1998 4699 1893 4716 1893 4716 1889 4716 1889 4716 1744 4703 1664 4694 1647 4703 1612 4729 1607 4729 1607 4729 1607 4729 1603 4729 1603 4729 1603 4729 1599 4729 1014 4707"/></Shape>
	    <String CONTENT="Hermochoenios ue, Melambolos, Arancilis, Hephasti"
                    HPOS="1014"
                    VPOS="4527"
                    WIDTH="2408"
                    HEIGHT="202"></String>
          </TextLine>

          
        </TextBlock>
        
        <TextBlock HPOS="238"
                   VPOS="3936"
                   WIDTH="749"
                   HEIGHT="299"
                   ID="eSc_textblock_a94c75c2"
                   TAGREFS="BT110">
          <Shape><Polygon POINTS="238 3940 262 4225 969 4235 987 3936"/></Shape>
          
          
          <TextLine ID="eSc_line_afa8e303"
                    TAGREFS="LT85"
                    BASELINE="265 4022 979 4022" 
                    HPOS="263"
                    VPOS="3930"
                    WIDTH="712"
                    HEIGHT="127">
            <Shape><Polygon POINTS="263 4018 263 3943 575 3952 610 3934 619 3930 623 3930 628 3930 658 3934 759 3952 970 3930 975 4018 966 4057 878 4035 263 4053"/></Shape>
	    <String CONTENT="Xinter Canobicu"
                    HPOS="263"
                    VPOS="3930"
                    WIDTH="712"
                    HEIGHT="127"></String>
          </TextLine>

          
          
          <TextLine ID="eSc_line_9a71a802"
                    TAGREFS="LT85"
                    BASELINE="303 4094 934 4098" 
                    HPOS="289"
                    VPOS="4013"
                    WIDTH="642"
                    HEIGHT="189">
            <Shape><Polygon POINTS="298 4093 298 4013 926 4013 931 4097 926 4136 755 4136 724 4150 641 4202 636 4202 632 4202 628 4202 289 4185"/></Shape>
	    <String CONTENT="uupropiacum"
                    HPOS="289"
                    VPOS="4013"
                    WIDTH="642"
                    HEIGHT="189"></String>
          </TextLine>

          
          
          <TextLine ID="eSc_line_1436362e"
                    TAGREFS="LT85"
                    BASELINE="327 4153 746 4170" 
                    HPOS="320"
                    VPOS="4088"
                    WIDTH="422"
                    HEIGHT="106">
            <Shape><Polygon POINTS="325 4150 325 4088 738 4101 742 4167 738 4185 320 4194"/></Shape>
	    <String CONTENT="eust ostia"
                    HPOS="320"
                    VPOS="4088"
                    WIDTH="422"
                    HEIGHT="106"></String>
          </TextLine>

          
        </TextBlock>
        
        <TextBlock HPOS="3199"
                   VPOS="4692"
                   WIDTH="222"
                   HEIGHT="121"
                   ID="eSc_textblock_af75750e"
                   TAGREFS="BT100">
          <Shape><Polygon POINTS="3199 4696 3199 4813 3406 4813 3421 4692"/></Shape>
          
          
          <TextLine ID="eSc_line_07969667"
                    TAGREFS="LT85"
                    BASELINE="3244 4764 3387 4764" 
                    HPOS="3242"
                    VPOS="4685"
                    WIDTH="140"
                    HEIGHT="128">
            <Shape><Polygon POINTS="3242 4760 3242 4685 3382 4694 3382 4760 3382 4808 3242 4813"/></Shape>
	    <String CONTENT="Eu"
                    HPOS="3242"
                    VPOS="4685"
                    WIDTH="140"
                    HEIGHT="128"></String>
          </TextLine>

          
        </TextBlock>
        
        <TextBlock HPOS="224"
                   VPOS="970"
                   WIDTH="687"
                   HEIGHT="321"
                   ID="eSc_textblock_05fafbac"
                   TAGREFS="BT110">
          <Shape><Polygon POINTS="224 970 224 1291 911 1291 911 974"/></Shape>
          
        </TextBlock>
        

        
      </PrintSpace>
    </Page>
  </Layout>
</alto>
