3840 5310
1324 438 1094 239 Liber Decimus Sextus

1107 579 2595 213 1 Sabae, Æthiopia Ciuitas regia, Seba ab Iudais appella

1333 712 2360 164 ta, unde Reginam ad Salomonem uenisse Iosepue creditu⟨r⟩

1315 796 2392 173 et adhuc Æthiopes ipsi fatentur, a Cambyse Rege Mero

1319 893 2370 169 inde ex Sororis nomine appellata fuit. Ex losepo ipso, ex

1315 986 1165 146 Francisco Aluaretio

1054 1062 2653 154 2 Sabaria pannoniae opp. Martini Sanctissimi uiri patria

1315 1159 2378 172 Staynamanger nunc dicitur a uetustis ruderibus Ex

1315 1247 244 115 Lazio

1085 1278 2599 195 3 Sabata Liguriae opp. Sabatium etiam dictum a Sabatio

1311 1402 2382 151 patre Sabi, qui Sabinis nomen impoſuit, qui q. Satur¬

1297 1491 2396 155 nus fuit : poſtea etiam Liuij temporibus Sauonam

1302 1570 2360 160 appellatum : quo loco Mago poenus praedam deposuit.

1302 1694 2369 115 Alij melius credunt Sabatam esse Ceuam, quoniam

1311 1770 2378 132 Sauona sit in littore maris, Ceua autem in medit⟨er⟩

1311 1876 2373 115 raneis, ſicut Sabata. Ex Beroso, Catone, Iustiniam

1288 1942 899 128 Munſtero, Castaldo

1049 1986 2631 186 4 Sabathra Aphricae urbs in Syrti minori, a Plinio dicitur

1297 2093 2379 163 Sabatra, a Silio Sabrath, a Polybio in duodecimo

1302 2199 2374 163 Tabathra, nunc Raxamabes, uel Sasamabes. Ex illis,

1297 2301 926 137 Munstero, Castaldo

1036 2358 2551 159 5 Sabatius lacus in Italia, Anguillara est. Ex Amnio

1027 2455 2649 169 6 Sabe opp. in Arabia prope mare Erythraeum, Sabo, etia⟨m⟩

1302 2562 2369 128 dictum, a quo uocati fuere Sabaei uel certe a Saba

1288 2650 2379 137 Chusi filio. Horum Rex fuisse dicitur Gaspar nunc

1297 2770 2374 132 ex Regibus qui ad lesum Deum adorandum uenere

1288 2858 1652 151 Ex losepo, Stephano, Petro Apiano.

1040 2929 2622 177 7 Sabini Italiae populi a Tiberi, et Nomento uesq. ad Vesti¬

1293 3022 2360 159 nos mille Stadiorum regionem incolentes, a religione,

1284 3101 2378 173 et Deorum cultu Seuini appellati, fuere ubi nunc ſub

1306 3194 2316 151 Marsi, et Reatini. Ipsis deuicis ditatos primum Ro

1293 3270 2369 168 manos ſuibit Fabius. Ex Strabone, Plinio, S abellico

1067 3336 2591 217 8 Sabis fluuius Galiae inter Belgas Sambre est. Ex M

1284 3438 673 146 phonso Vlloa

1058 3522 2618 208 9 Sabriana Ptolemaeo, Sabrina Tacito Britanniae fluuius

1271 3646 1607 119 Seuerne nuncupatur. Ex Munſtero

1023 3686 2192 194 10 Sabus Syriae urbs, Zabal est. Ex Brocardo

1040 3809 2627 160 11 Sacae Asiae populi inter Sogdianos, Scythiam, et Ima⟨⟩

1266 3911 2396 137 montem, narijs nominibus appellabantur Caratae,

1271 3973 2405 173 Comani, Comedae, Massagetae, Grynaei, Scythae, et

1253 4075 2409 186 Toornae, quos Persae communi nomine Sacas uoc¬

1280 4155 2365 159 cant, autiqui Araneos. Olim Bactrianam ocupa

1271 4243 2382 164 runt, et Armeniae meliorem partem quam Sacaſe

1257 4354 2392 150 nam uocarunt : inuasere etiam Cappadoces illos,

1280 4429 2347 195 qui ad Euxinum uergent. Hunc Tartari com

3507 4557 146 168 mum
