3698 5310
1213 561 2356 195 nae Meligunis, ab alijs Milogonis, nunc Lipari : renatu

1231 694 2356 146 li olim praestanms, obsistit q. Tyrrhenorum incutrsinis

1235 787 2365 168 et Liparaeorum Insulis praefuit. Ex illis, Strabone, Ste

1014 951 2577 212 79 Lirimiris, ut Leiris Germaiae urbs, est Munlhem. Ex Musti

1235 920 638 124 no, Bordono.

996 1092 2604 186 80 Liris, et Lirius Campaniae fluuius, Leiris, ec EBris a Strabontus

1231 1208 2356 163 dicus, nisi mendum sit hac loco, cCleanis etiam, uel, ut ait

1000 1464 2596 168 81 Lisse apud Homerust, Lissis apud Cratem promontorium Ge

1235 1331 2352 191 plinius Clanicus appellatus, Gariglianus est. Ex illis, callenios

1213 1597 2015 173 lynes, Blise postea dictum fuit Scholijs Homeri¬

1009 1712 2587 168 32 Lissus in Illyrico Ciuium Romanorum opp. C M. P. disſtansa

1240 1827 2351 168 Epidaturo, Alexium est, uel Alexicusis. Ex Plio, Bareis

1040 2008 2551 151 183 L ithostomos Daciae opp. Eylia dicitur, quod Baiazethes Tue

1257 1938 669 124 Tolaterrano

1031 2212 2560 168 OtL exus Mauritaniae fluuius, qui in Oceanum fertur, Linx

1248 2141 2339 115 rum Imperator Stephano Moldaus eripuit. Ex Crompo

1226 2327 2361 137 a Stephano dictus, Sus est. A quo Lixus appellanta uin

1235 2407 2352 168 tur urbs degia Antaei, ubi etiam Hesperidum orti fuio

1235 2504 2361 168 dicuntur : nunc praeter Oleastros aliud nihit est. Ex Pline

1023 2708 2387 154 85 Lizisis Daciae opp. Laiozalo appellatur. Ex Lazio

1257 2597 1537 168 Interpretenauigationis Hannonis

1040 2792 2547 150 86 Locanus Italiae fuuius inter Ortonem, et Auternum, Sea

1217 2893 2374 173 grus, et Sarus dictus, uulgo Sanguine, qui trentanes

1226 3017 2126 160 Separat a Pelignis. Ex Strabone, Volaterrano.

1018 3115 2569 177 87 Locoritum Germaniae opp. Trutania est, uel torchen. Ex

1213 3225 970 155 Munstero, Castaldo

1005 3287 2577 230 30 L ocri Graeciae populi a Loccophycuifiti dici fyxui, et pho

1191 3451 2396 177 u ait Rhianus a physco ipso Ætolifilis : propie eranm, qu

1217 3575 2370 172 Occidentalem Parnasi regionem incolebant, Hesperij propter

1222 3690 2351 150 etiam appellati, et Ozolae, quòd pelles caprarum mali¬

1213 3778 2383 191 olentes pro uestibus haberent : uellquòd ex Taphosso tr

1217 3898 2374 155 mulo Ex Nessi, et aliorum Centaurorum sepulchris teterri

1222 4031 2382 159 mus ddor exeat, et guitatim, aqua male olens. quiu

1222 4124 2378 185 eius montis orientalem partem tenebant (Nam Parta

1226 4212 2378 221 ſus ipsum Locidem induas panes diuidit Loci opunits⟨

1231 4345 2365 230 nuncupai ſunt ab eorum metropoli Opunte à maru

3489 4517 80 133 ge
