3681 5350
597 530 2392 196 manoc, et pahthos, inter quorum Imperia erat urbs nob

597 633 2365 191 lis ſitu, dicitjs ſoli, et aquis amoenis. Ex Iosepo, pli. Step

365 722 2602 191 13 Pamphylia Asiae prouincia inter Ciliciam flyciam, Galatiam

593 811 2396 187 cappadociam, dt mare Ogo ſtadiorum longitudine, a pam

606 896 2410 227 phyle Racij, Mantuis q. filio dicta : nunc cum Cilicia ap¬

611 980 2369 232 pellatur Caramania. Ex Strabone, Ptolemaeo, Stephano

606 1132 1080 187 ſtingrario ad Byzantiuni.

557 1127 2436 304 pamphylia pamphyliae opp. et Mopsopia dicclatur. Ex Plino

383 1226 2619 316 11 Panchaea, panchaia ui Arabiae regio ultra. ſinum Persicum

602 1471 741 165 thuriferis arenis

1467 1324 1535 223 inguis ut ait poeta, nunc appellatur

602 1506 1187 223 Combara. Ex Cadamustio

423 1462 2517 370 15 Pandataria Insula in Ausonio mari a listore Caietano

606 1569 2392 330 250 ſadijs remeta, puelmarola et : a Strabone panda

629 1689 2284 294 ria dicitur a Stephano panlateria : et est Insula is

638 1765 2355 343 tua Agripioa Tiberij exor intrusa fuit. Ex ills

2735 1859 303 191 Alpla

646 2064 433 120 suetonio,

1142 2001 357 147 ll nutio

455 1983 2150 326 16 Paniſus fluius in poloponneso, Tiſtous dicitur

606 2224 380 143 ſ0 Vlloa

459 2122 2597 365 pspannonia Europae prouincia dupbix est Superior, et In

629 2255 2405 299 ferior : ila Arpnria dccitur, et Ostenreich, quod orien

642 2336 2387 307 talis pors fuerit Regni Francorum : haec uero Vn

1177 2550 514 142 engaris, qu

1820 2438 1214 219 rouinciam ipsam occuparci

713 2652 331 147 SAtrnele

1409 2559 1558 249 d Plopilus petiere. Paunonios pria

673 2590 625 299 ⟦Stiusi

1030 2675 268 196 Ego

1267 2657 165 156 p

1378 2728 63 85 na

2962 2599 63 156 1

660 2817 535 143 mus domuit

1338 2670 1682 241 Tiberius auspicijs Augusti, Batfispgdaer

709 2777 2275 290 ee uicto Vngaros uero Solimanus Turcarun Re

664 2893 1678 263 Ex Suetonio, Bonſinio, Munstero, Iouio.

499 2978 2566 276 8panope phocidis urbs panopea, panopeus, et panopess etiaum

655 3071 2428 259 dicia a panopeo filuo phoci, poſlhea phanoteus, et pha¬

655 3178 2383 254 noteis : phanoceam appellat Eiuius, cum phanoteam,

642 3241 2445 307 uel potius panopeam legendum ſit Nominibus enim an

1954 3330 1133 205 imi Historiarum ſcriptores

660 3432 1205 197 tiquus locorum ipse, alij q.

660 3437 2436 290 libentius utuntur. Hoc loco Tityus uoluit uim infer

678 3544 2387 285 pe Latonae, qua causa ad uultures damnatus fuit. Ex

673 3718 1366 187 Strabon, Stephano, Eustathio.

504 3704 2530 299 9 Panoranus Siciliae urbs regia, palermo est. Ex oliuario.

508 3816 2601 299 opantachus Siuliae fluuius parithagies appellatur a plina

513 3923 2583 290 21 Panticapaeum in Taurica cherrhoneso urbs Bosplo

664 4048 2454 254 ranorum, qui in Europa ſunt, metropolis, ab Anticape

673 4137 2378 258 praeterftunte fluuio uocata, Bosphorus etiam, nunc

687 4208 2431 317 phanagoria dicitur. Ex Strabone, Plinio, Stephano, Vola

678 4494 343 111 terrano

3011 4494 72 142 o

513 4373 2605 392 upaplagnia Msiae puuinia a paehlagnne pinei fles
