3698 5413
1282 654 2307 198 conſistebant : uel a Lycoreo Apollinis filio ex Corycialia

1295 789 2290 176 phae Alij tamen uolunt Delphos fuisse urbem phocidis i

1295 897 2294 167 mediterraness, Pythonem dictam a Pythone, quem Apr⟨⟩

1295 1010 2290 176 interfeut et parnassiam napen ab adiacente montr

1309 1123 2276 171 Strabo uero, et ptolemaeris Crissam, Cyrrham, et

1295 1222 2285 185 Delphos diuersas fncunt : Homerus item diuersas Ea

1304 1330 2281 190 ſam, et Pythonem : ex quibus Delphi remanebanij

1300 1456 2294 181 Strabonis temponr : Crissa autem, et Cyrrha diruta

1309 1547 2289 198 erant. Ex illis, Pindami interpreto, Isaactio, Eusta

1318 1705 357 103 Varino.

1043 1709 2402 203 2oscriſueum pilopon neis opp. aalli crpt est. Ex Iouio

1052 1835 2546 167 281 Crustuminum opp. in Latio uel Palcumbaria, uel Monta

1291 1939 2312 145 tundus est. quidam tamen uotunt Montem rotuudum fi

1300 2038 2316 149 se Eretum, cuius meminit Poëta. Ex Hermolao, Niulap

1300 2142 1594 131 Erithraeo, Declaratione urbium Italiae.

1088 2201 2515 144 285 Crustumium fluuius prope Ariminum in Piceno, Cen

1282 2305 912 108 dicitur. Ex Blonooo

1092 2368 2515 140 286 Crypta Neroniana, Neapolitanaq. erat Pausylipum prt

1304 2471 2294 163 Neapolim, quod Lucullus excidit, ubi uillam fecit: et Ea⟩

1313 2598 2294 144 ſtrum oui construxit Vrilhelmus Nortmanus, um ait

1309 2688 2298 167 Volaterratnus Iibbctamen castrum esse in Insula Me

1309 2801 2244 162 ri inter pausylipum, et Neapolim testatur Iouius

1074 2864 2533 176 287 Cumacatum uicus Sachalitarum in Arabia Felici, Calaiate

1322 2945 1725 167 urbs est in Regno ormut. Ex Barroso

1092 3031 2515 185 288 Cuma Italiae urbs a Chalcidensibus condita Hippode, et

1318 3144 2294 171 geste Atticis Ducibus, classe directa columbae antecedera

1322 3261 2285 158 uolatu, Mycone olim dicta, et Amazonium, quoc A⟨⟩

1332 3351 2284 221 Tones eum inuoluistent, nunc Tuespergolae. Ex Cea

1336 3446 1061 140 Sebio, Stephano, Blondo

1133 3527 2456 207 18 Eume opp. Æolidis cphori Hiſtoriarum Scriptons parr

1304 3649 2285 189 et Oi Hesiodi patris : priconis mox appellatum, uel

1318 3739 2289 194 priconitis a phricio monte Locrico, apud quem dici

1318 3847 2294 190 habitarunt Cleuas, et Malaus, qui hanc urbem conisu

1318 3942 2298 216 runt : nunc Falia noua. Ex Strabone, Stephano Iioa

1322 4032 1066 158 ne Tzerze, Munſtero.

1124 4122 2506 190 27 uues, et Cyris metropolis Sabinorum in Latio Muma

1318 4231 2303 189 Pompiliy pauria, Tori est : a qua Sabini, qui Vr

1336 4330 2280 185 bem incoluere, cun Romanis nocati fuere Quirites

1332 4429 2289 212 et contribules Csuritae. Ex Pluturcho, Stehano, Dedla¬

1345 4560 1025 144 ratione Vrbium Italiae
