3698 5413
1187 622 2375 257 putant Tarentasios fuisse Garocelos Ceatronibus pro

1201 775 1869 194 pinquos. Ex Caesare, Marliano, Munstero

921 834 2632 253 148 Ceos Insula auulsa ab Euluea, quingentis quondaa loni

1214 933 2344 230 ſtadijs : mox quatuor ferè partibus, quae ad Boeotian

1214 1042 2339 221 uergebnt eodem mare devoratis, a Latinis quibusd

1214 1127 2339 212 Cea dicitur, a Graecis etiam Hydrcssa. Ex hac pio

1205 1240 2371 226 featam delicatiorem foeminis uestem auctor est Varie

1006 1420 2538 253 117 Cehallenia Epir Insula a Cephalo dicta Deconei: flio, uu

1210 1425 415 135 Ex Plinio

1210 1547 2366 171 amore capta Comaetho Pterelae filia aureum capillus

1237 1659 2339 181 patri euudsit, unde interfectus est : Melene prius uoc

1228 1754 2352 167 ta, Echinasae, Same, et Samus ab urbe, nunc Ceph

1237 1858 2352 180 lonia 300 Stadiorum ambicu, uel, ut ai plinius Xbse

1237 1966 2352 190 M. P. Incolae uocaui fuere Teleboae, quòd Τi1λ2 eda

1237 2056 2343 203 Dias. boues, qui longinquie erant, ubducerent uel a T

1232 2169 2348 181 leboa Pterelae flio : Samaei a Saemo Same uè ur

1246 2268 2343 212 be Taphioj put ai Herodorus, a Taphio Rego Ptera

1237 2390 2352 203 altero filio : et Cephallenes. Sciendum tamen, qudd Hta

1232 2485 2357 207 merus Cephallenas uocat non Solum homines ex Cepha

1250 2593 2335 230 nia Insula, Sed omaij, qui erant ſub Vye, Ithuro

1264 2711 2325 225 ſuliut, Acarnanes, et neliqurs a Cephalo ipsicis Vigy

1250 2877 2353 154 progenitore : Et quòd Taphios diversos facti a Gpho

1241 2977 2362 153 lenijs, collocat q. ſub Monte : nam Taphus alia fuit Iuse

1255 3080 2330 172 la a Cephallenia, et postea fui appellata, Taphius,a

1250 3193 2353 163 Samaei auitem Iuere popubì in Cephallenia. Nam Thi

1259 3306 2348 162 cydides in quatuor populos partitur Cephalleniam Pt⟨⟩

1255 3410 2352 198 nios, Samaers, Pales, et Cranios Teleboae autem

1237 3518 2370 221 non ſolum fuere in Cephallenia, ſed et in alijs Taphi

1250 3635 2357 217 rum Insulis : cum quibus Telebois Amphitryon, et Es

1264 3748 2348 221 phalus Atheniensis pugnarunt.: earcum q. Insulartum Inui

1264 3879 2339 216 perium Cephalo dedict ipse Amphitryon. Ex Strabone,

1277 3992 723 130 plinio, Stephamo

1020 4055 2605 248 180 C ephalordis Siuliae urdbs, Cephatnium Cephalus ue ot. Ex Mun

2099 4023 1513 154 Saacio, Eustathio, Varino, Bordono.

1237 4163 727 135 ſtero, Castaldo

1015 4244 2570 235 15 Cephissis palus Boeotiae, Hylice quoqp. dicta ab Hyle urbe

1264 4384 2339 185 Boeotica, Haliartus cub Haliarto, et alis nominibus.

1259 4483 2280 194 alijs oppdis, quae ipsam circundabunt, quae fuere

1268 4587 2344 198 Acraephiae. Medeon onchestus, Haliartus, ocala

3359 4718 235 189 Alal
