3681 5350
370 535 2512 218 33 Salingstede Germaniae opp. ostercuyak est inlisxonia Ea⟩

638 699 414 112 Lruurezio

370 664 2677 227 34 Salinus Italiae fluuius inter praeatinos, Iuuantius a pli

651 798 1878 182 nio dicitur, et uulgo Tordinus. Ex Volaterrnmo

379 856 2623 209 95 Salmantica Vettonum urbs in Lusitania, Salmyca a¬

646 962 2089 179 Stephano appellata, Salamanca est. Ex Munstero

406 1025 2592 214 36 Salsubium à Scatente ſalso fonte uocatum Itaine opp

638 1159 2382 160 quod Saldubium Iouius nuncupt, nunc uno Castrum

664 1301 317 94 carum

423 1266 2602 223 37 Salua pannoniae opp. Schalmar est, uel Saluuar, utrr

655 1399 1183 170 enim tradit idem Lazius

432 1422 2628 236 38 Saluius, mons in Liguria, est Mons Camilionis. Ex leandoo

468 1533 2597 214 39 Samandria Moesorum urbs, Schenderouium est contra

646 1662 951 161 Belgradum. Ex Iouio

459 1658 2633 263 40 Samareia Iudaeae urbs, et Samereon dicta quòd oriturs

664 1756 2410 241 ocipa ajpia, Mars ſcilicet ibi monumentum posuerit

673 1854 2356 245 Ascalapho propro filio mortuo. Schomron ab Iudaeis

704 1961 2289 210 ppellata a Schaemaer domino montis, quem emit

687 2046 2342 236 Rex Amri, qui hanc urbem aondidit. Ectenias e

687 2122 2351 258 tiam nuncupata, et Mareon : Ab Hyrcano autem o

691 2211 2369 245 uersa fuit, et ab Herodae instaurata Sebaste, et St

691 2318 2325 236 bastia dicta in honorem Augusti : Neapolis etiam

704 2407 2374 232 Samaritae ipsi ab Iudaeis Cuthei dicebantur, quo

704 2496 2401 263 ſic in perside uocarentur, unde in Iudaeam missi fuere

696 2581 2387 285 a Rege Salmanassare. Ex tibris Regum, Iosepoi, ſteph

691 2710 1597 241 no, Eustathio, Brocardo, Sabellico

2021 2782 981 133 aesarem, Samarobrina

504 2848 1347 197 41 Samarobriga, uel, ut est apu

696 2853 2346 267 Ambianorum oppidum in Gallia, ab Iouio creditur ess

687 2969 2360 241 Santus q uintinus, a Marliano Cambray, et recte, ut

1905 3036 1146 169 oficiscentei aduersus Ner

691 3129 1049 179 puto, quoniam Caesare

691 3120 2311 286 uios ex Atrebatum fiminrs, aptius occurrebat

700 3232 2316 281 cambray, Cameracum etiam dicitum, quaim San

700 3339 2311 236 ctus qurintinus: quae urbs aelbuis est cecenti uicoria

704 3424 2383 267 de Gallico florenissimo exercitu, et Anna Momoransi

722 3535 2267 245 fortissimo Duce anno M Dt VIi relata maxima

713 3602 2338 272 uirtute ab Emanuele philiberto Allobrogum Duce

727 3709 2365 249 et oxtrcitus philippi Hispaniarum Regis Imperatore

490 3802 2526 223 42 Sambroca Hispaniae fluuius, Sambuca dicitiur. Ex Vol

508 3905 2601 218 13Samnites Italia populi ſii a Graecis dicti, et Sannites, uel

736 4003 2378 192 Saunites ut ex Plinio legendum uidetur apud Stra

745 4115 2373 169 bonem, ab aliquibus pitanates, a Latinis autem cha

754 4190 2257 197 belli, quod originem a Sabinis habuerint, dicti a

767 4275 2338 205 Samnio colle in quem consenderint : en ea parte fui

762 4382 2307 201 une, quae nunc Vallis Beneuentana dicitur Err

2949 4471 111 134 M
