3698 5310
1638 415 89 235 o

996 464 2493 283 1 palisſunnto,urbs uract ditsima i puro Arcade, a

1226 628 2290 190 filio dicta, olim pactia, ut ait Hicanor, Demetrias,Z

1213 712 2360 168 ſihus i Hyria, Hyleessa, Minoa, Minois, et Cabarnis a E

1222 805 2329 159 barno, qui Cereri raptum filiae nuntiauiit, nuncx Bestoris

1226 885 2188 177 EXXX. M. P. ambita. Ex Plinio, Stephano, Sophiano.

961 946 2626 204 36 Passa Hispaniae urbs in aguo Lucentorum, Badalos est. Ex Ept

1213 1088 403 115 Gerundensi

987 1057 2604 230 37 Passalon Ægpti urbs, pesla dicitur ab Antonino. Ex Muntto

996 1168 2586 234 30 patala, patare, et pattala urbs Indiae in Insula ab Indo

1222 1269 2356 213 in ducis portes diciso facta ccXX M p. latitudine, ul

1222 1376 2334 186 cct ut Tiearhus ait, uel Caxxr ut Strabo, Deltae Æg

1213 1455 2338 182 tiacae ſimili : Cambaia nunc est, quae Regno nomen e

1209 1544 2351 190 dit. Alij uero uolunt Cambaiam fuisse Boeambam in

1226 1641 2308 182 drosia, alij Betrosiam, quoniam Boeambam nunc, a

1204 1734 2374 182 lari dicunt Campanorum. Ex Strabone, Plino, Stephano

1213 1840 1426 151 Ccdamusto, Iosepo Indo, Rhamnusio

1036 1889 2542 186 39 Patara Lyciae Ciuitas a pataro Apullinis flio, Sataros

1195 1986 2378 173 us dicta, postea a ptolemaeo philadelpho aucta, Arsinoes

1222 2075 2347 159 in Lycia nominata, nunc palena : quo loco ſex mensibus

1217 2163 2343 173 bernis responsa dabat Apullo, et ſix aestiuis in Delo. Ex

1204 2261 1904 159 Strabone, Plinio, Seruio, Stephano, Munſtero.

1027 2336 2542 172 40 Patarue Sarmatiae opp in Asia, loccari est. Ex Munstedo

1036 2447 2533 146 4 Patauium Venetiae urbs a Dardano condita Eugania q u

1195 2522 2365 159 cata : ab Antenores in staurata, et patauium appellata

1204 2619 2374 164 padi uitinate : nam pper Adrianorum paludes extendeba

1209 2721 2342 146 tr ⟦ibbs uiq. Pdi aquae : uel quod Antenor a uolatu

1213 2832 2365 123 ceperit augurium : nam p5 eaua uolare ſignificat : Ron

1204 2893 2378 142 norum Colonia, nunc padua ſub Venetorum Imperio

1217 2982 1759 137 Ex Asconio, Seruio, Hislorijs patauinis

1036 3000 102 163 pu

1178 3048 2387 164 aterniacum Galliae opp. paterlingen est in Burgundia. Ex

1027 3141 2551 146 paternians Carpitanorum urbs in Hispania, paſtrana dicita

1231 3234 1590 129 el Consuegra. Ex Munstero, Castaldo

1049 3283 2502 155 4Paehmos cycladum una in Ægaeo L M. P. ambitu, Palmosam

1209 3367 2333 155 dicitur : ubi Ioannis Aposſtolih templum est a pyratis nio

1213 3455 2356 155 uexatum ibi enim eple exul Apucalypsim scupsit. Ex Euu

1231 3526 305 124 Bordon

1031 3548 2534 213 1 Patrae Achaiae opp. in Peloporaeso, Neaepatrae etiam dicta

1226 3672 2312 168 fuit, et Aroe a terrae cpasiae, cultu q. uocata, tunc

1240 3770 2338 159 enim fuit pagus Achaiae, ubi primum Triptelemus dicsitr

1240 3871 2325 155 ſeruisse frumintum. Ex Stephano, Ionnno izetze, Varino

1040 3951 2533 155 46 Patruisza Daciae opp. Vurczelandia est in Transyluania

1248 4053 2321 128 puod e ∧haxones incolunt, et Chronstad uocatur a coronia

1231 4132 2347 160 montium, qua Dacia ipsa cingitur : ab Vngaris oppidu⟨⟩

1226 4225 1355 142 appellatur Brassoua. Ex Lazio

974 4305 2613 150 47 Pax Iulia Lusitaniae urbs, pace, pacensis uè est, ab alijj uo

1217 4407 2091 225 cuis Balaies  Voliaru, Apiano Calaldu

1244 473 58 177 fi
