3816 5342
1291 494 2355 169 norum Colonia, quam Gochi euertero, Narses uno inſtatr

1304 605 2356 151 uit. Vurbri etian fuero in Æthrumi apuud Vuibronem a

1318 694 2342 156 nem prope Telamonem portum, in agro Scibi, qui nmn

1326 796 2338 143 Senensum est. Ex Plino, Sobnio, procopio, Stphano, Eustul

1015 863 2444 165 Vurbro lacus in Æthruna, dicenrluus orbitelti. Ex Blondo

1335 983 1906 129 embro Italiar opp. Sancu guirics est. Ex Annio

988 1041 2685 165 ss Vocetius Germaniae mons Iurassi pars in Rhaetia, Boeszberga

1349 1152 1919 116 ellatur, ul Poczberg. Ex Beato ſhenno, Lazio

1055 1206 2614 174 96 Volcae in Gallia Narbonensi populi, alij Tectoſages, abj Aicu

1282 1313 2364 124 mij cogntominabantur, Aricomisci ui, qui ultra Rhodanum ſi⟩

1273 1397 2360 143 et appellantur Aupnionenses ab urbe Auignonr. Tectoſagum

1286 1477 2365 170 tem prouincia pyrenaeis propinqua est et nunc dicitur Eing⟩

1295 1566 2365 187 docca, olim Gothia Hispanica : eorum arx Tocke, olim H⟨i⟩

1295 1669 2382 191 ſagum, uel, ut apud Stephanum est, Tectesax. Hos populos Fian

1277 1745 2396 204 rù Tolistobogos, Eratosthenes Tolistobogios, alij Toliſteb

1286 1860 2391 187 Gothicanos, et Septimanias uocant : qui per Graeciam in pho

1304 1972 2378 178 giatm, Bithyniam, et Cappadociam profeci colonias posurea

1309 2052 2364 191 dllis, Strabono, plinio, Stphano, Roderico Satio, Marlianre

1309 2167 1001 174 Marineo, Beato Rhenanro

1050 2221 2641 209 97 Voliba Dumnoniorum urbs in Britannia, Bodman uulgo appueli

1286 2372 1029 134 tur. Ex Castaloo Mnſtero

1113 2390 2057 196 15 Volsinium Athruiae opp. Bolsena est. Ex eodem

1224 2488 2026 191 Voluntij Hyberniae populi, Vsluntij sunt. Ex eodem

1041 2546 2636 209 180 Vranum Iftriae opp. Castelarius, Casteliterq. dicitur. Ex Peto Cop

3410 2653 254 142 0 Mums

1073 2684 2266 138 101 Vrba Saluia picenorum urbs in Italia, Vrbsa est

1073 2773 2613 151 102 Vrbienus pagus apud Heluetios, uel Verbigenus, ut apud Cat

1291 2853 1532 125 rem kegitur, Vrba est. Ex Rhellicano

1050 2938 2485 142 105 Vrbona Hispaniae ciuitas Arbeca uocitur. Ex Beutero

1068 3022 2614 147 1oq Vrceſa Celtiberum urbs in Hispania, iam dicitur Scudi Vry

1318 3085 396 115 Ex eodem

1059 3125 2632 169 105 Vrion Hespaniae urbs ab Vrio fluuio, Oric a Strabone. dicita

1282 3227 2422 156 ria a plinio, Vcia a Ptolemaeo, Castrum Iulium cognonin

1318 3329 1282 134 ta, nunc Auriensis. Ex Muunster

1050 3374 2627 182 106 Vrolauium Caetyeuchlanorum opp. in Britannia, Verulanum

1313 3507 530 98 est. Ex eoden

1077 3516 2618 196 107 Vronia Calecorum urbs in Hispania, hodie uocatur Villa Card

1300 3672 712 107 cia. Ex Beutero

1117 3677 2574 191 108 Vrsa Rhaetia fluuiu, Russa, Ruszq. uulga dicitur. Ex Æpth

1113 3819 2213 138 109 Vrsao Baeticae opp. Vssuna est. Ex Mario Aretio

1108 3872 2552 192 10 Vstica Insula prope Siciliam, Vſtiga uocatur. Ex Herolas

1104 4002 2578 155 l1 Vtica Apnricae urbs Tyciorum opue, uel colonia, Catonis cae

1269 4082 2431 129 de clara, Vticensis propterea cognominati, inm appellatur Bis

1273 4175 2369 156 ſerta, et Benserths : eturp ponus portus farinae Iouiu uero

1277 4269 2383 155 gxuisimat Bisertam olim appellatum fuisse Hipponem Diat

1273 4367 2409 164 rhytum coquominatum a cirun fluente lacu, qui elim cr
