3698 5413
975 654 2253 230 302 Cyantus colchidi ſtuius, Cicabus est. Ex Munstero

1006 771 1969 194 303Cydna in Lycia, Cyana nuncupatur ui plmio

993 807 2596 257 tus* ynamolgi in Æthiopia populi, ab incolis Agrij appellantur. Ex

1002 906 2601 253 305 Cynosura Achaiae promontorium a Cynosurè Mercurs fili⟨⟩

1277 1019 1170 176 Doriscum dicitur a Plinio

1038 1064 2551 248 306 Cyparission promontorium in Peloponnes, est Caput Cot

1277 1208 1192 140 uelcaput Scilli. Ex Bondon.

1033 1263 2565 221 307 Lyprus Cilitiae Insula in mediterranio, olim a Syria terraen

1277 1366 2312 194 auulsa, dicta a Cypra filia Cinyrae, uel a Sypro flore ibi¬

1291 1456 2316 203 ſcente. Cyptus etiam, ut ai Aslynomus, uel, ut refert flinu

1277 1565 2335 185 Cryptus, Cerastis, Cerastia, et Cerastias a promontors

1300 1659 2316 190 multis, quae habet, quae 1ccgct ea dicuntur ;ut ait enatu

1300 1750 2312 180 uel teste Menandro in libro de Cpro, quod eam incolri

1295 1853 2326 154 hominus ni,a ea hoc est cornua habmtes, et Ceratae

1304 1935 2312 189 terea dicti. Appellata etiam Amathusia, Meionis, u

1304 2029 2321 217 Mionis Sphecesa a Sphecibus populis, qui Insulaum inci

1313 2165 2317 189 bant, ue Suibic philostephanus. Acamantis, Aspelia, M

1313 2277 2303 172 caria, Colinia, et Cethima a Cethin Azae filio : longiu

1318 2372 2307 172 dine i400 Stadiori, uel, ut ati plimus Cc. M P. Iatiauo

1322 2471 2303 208 3s2o Stadonum, ul CoXxxia M P. In qua fuere oppidas

1313 2598 2312 207 decim, uouem Regum ſides : primum ab Amasi Cpil

1318 2724 2316 176 capta, a Ptolemais possessia, a Graecis : nox a Ricara

1322 2846 2317 185 Angliae Rege, qui Isaacio Comnenoestm abstuli, uendin

1327 2954 2316 181 eito Lusiniano : cuius posteri Cypaum possedere anns

1327 3067 2312 185 u7s uiq. ad Ianum ultimum ignauum Regem

1318 3207 2316 149 cuius fila Cartosta nupsit Lodouico Sabaudiae B

1309 3310 2334 181 flio Rogi Cypri. At Iacobus filius Spunius Iani Intulon

1322 3446 2312 162 occupauit Sultani Ægyptij armis, retinturit q. Venm

1341 3572 2293 162 rum ope, qui Iaobr moro Insulam habuere olei, fuiuo

1327 3676 2298 167 uini q. feracem Ex illis, Strabone, Iosepo, Stephano, It⟨i⟩

1332 3789 2171 153 cis, Æprea Syluio, Varino, Vuilhelmo paradino

1083 3861 2529 167 308 Cypsella urbs in Thrucia prope Ebrum, a Strabone dicitur Eea⟩

1074 3960 2000 149 307 Cyptasia Galatiae urbs, Carosa est. Ex Munstero

1079 4041 2551 158 310 C yrba Cretae urbs, postea pytna dicta, inde Camirus, et ta

1327 4140 1156 163 Hierapytna. Ex Stephano.

1101 4172 429 212 30 Cpinns

1675 4235 1964 158 nsula in Ligustico mari, longe a Vadis Volatuo

1350 4307 2293 212 nis Lxii M p.  Terapne dicta, Corsis, et Corpic

1341 4411 2293 199 Corse pastoris Serua, uel a montibus, quibus repleta

1372 4519 2235 212 tanauam capiibus : cltui inepta, uini tamen ferax,
