3689 5270
1686 382 316 158 Liber

1115 469 2301 180 nata recepere anno Str, et uicto Heraclij exercita

1089 566 2314 198 in Asia, Syriam, Ciliciam, Cappadociam, et Eycai

1080 680 2279 176 niam occuparumnt, Persiam quoq. Ascaiothe Ru

1075 799 2376 175 ad Margam interfecto. Inde amo e3 Regeno

1093 904 2372 207 ſibi fecere, qui communi nomine uocabatur Cab

1058 1010 2393 197 morabatur q. in Babylonia, et per Prouincias mo

1075 1146 2368 175 tebat praefectos, quos appellarunt Sultanos : nt

1080 1234 2323 206 omnem ferè Asiam Imperio Saracenorum fut

1102 1365 2349 185 gere. Sed Asia minori a Turcis pulsi, Calip⟨⟩

1102 1475 2323 202 interfecta a Siracino Saladini patre, Saladini

1102 1616 2354 171 ieso orientalia Regna usq. ad Indos occupante,

1115 1743 2314 171 Saraceni transiere in Aphricam, regia apud Ca

1106 1884 2319 131 thaginem constitata : inde in Hispaniam, mox a

1102 1976 2319 140 no ese Siciliam, Sardiniam, alias q. Tyrrh

1093 2077 2332 162 maris Insulas obtinuere, Italiae ciuitates ab

1097 2182 2319 180 quas ad Tyrrhonum ipsum, Picenum quoq. inc

1102 2310 2310 171 ſere, et in Thracia Byzantium. Sed anno n17

1111 2441 2318 167 Ioane Pont. Max et Almerico Æthruriae Mar

1097 2551 2350 167 chione ad Minturnas uicti, tandem Italia, Sida

1097 2670 2354 188 lina q. pulsi fuere Italorum uiribus, Graecorum, est

1102 2797 2336 167 Normandorum, qui in Italia erant . Superati et

1102 2929 2341 171 in Gallia a Carolo Martello, in Hispania a nmo

1111 3043 2327 184 tis Regibus, Baeticam tantum retinuert, quam

1115 3175 2328 153 nisere anno 1492 bellum illis diutur,num, a

1106 3284 2319 185 creq. inferente Ferdinande Hispaniarum Rega⟩

1080 3416 2345 167 Nunc ſolam Aphricam tenent, cuius partem

1080 3517 2349 154 quae ad Cceanum est Lusitani, quae ad Tyrrh

1075 3609 2359 172 num Hispani inuadunt. Ex Plinio, Stephano, Eui

1115 3737 2354 162 Stathio, Ruiccobaldo, Petro Maryre, Varino, Eugubin

1075 3842 1928 193 Roberco, Munsſtero, Odsacro Barbessa

759 3943 2688 193 246 Araicus ſinus prope Arabiam, Brachia etiam dic

1080 4093 2389 144 tur, quod BaaiXi hoc est Hrepitus in eo ſint. Qu

1084 4172 2389 175 circa ipsum ſunt ab Vranio Brachieni appellan

1102 4290 966 123 nur. Ex Stephano.

790 4321 2653 255 217 Arulgioc paunomle popui Atrauiss a Plinis dicuntur. Ex

1097 4453 303 118 Munſo

3249 4584 255 163 Arabo
