3666 5350
437 606 2800 258 114 Cadina furcae locus angustus in Sannio, ub duo fuore

793 771 2476 178 ſaltus alti, et Spyluosi, Romanus q. exercitus ſub iugumit

793 864 2404 174 a Samnitibus missus T. Caluino, et S. Veturio

445 1061 2801 196 135 Caunus Cariae urbs a Cauno Beblidis fratae, Magri nunc

789 971 2346 161 Coss nunc Caudinum dicitur. Ex Liuio, Volaterrano.

450 1239 2596 214 196 Caurium Lusitaniae opp. Coria dicitur. Ex Munstero

758 1194 2189 143 appellatur, uel Rossan. Ex Munstero, Castallo

450 1359 2792 161 137 Cebenna Galliae urbs, qrenua etiam uocata, Geneura est

477 1524 2774 156 138 Cecilia Mellinon in Lusitania, est Sancta Maria di Gua

780 1457 1155 134 in Sabaudia. Ex eodem

508 1729 2689 161 139 Celadusa Insula inter Cercyram, et Garganum montem, ,

784 1654 857 133 daluse. Ex eodem.

495 1890 2765 218 140 Celaenae phrygiae urbs in radice montis Signiae, cintunfusa

762 1850 1864 120 nunc dicitur La Gusta. Ex Hermolao

807 2019 2466 178 Marsia, Olerima, et Orga fluminibus, a Celaeno Ne

802 2131 2351 169 tuni filio dicta, prius Cibotis, uel Cibotus, Damea

802 2242 2462 147 a Seleuco uocata, quòd ferociſsimas gentes domuiſses

825 2336 2403 165 postea Apamea cognomine Cibotus ex nomine ma

816 2438 2404 165 tris Antiochi Soteris, nunc Maras dicitur. Ex Stra

512 2630 2427 165 14 Celnius Britanniae fluuius, Ale est. Ex Munsten

798 2550 1427 165 bone, plinio, Solino, Munſtero

503 2737 2766 160 142 Celsa Colonia in Hispania Tarraconensi, Xelsa dici

789 2835 874 169 tur. Ex Onuphrio

499 2920 2725 178 140 Celurca Britanniae opp. Mons rosarum est in Scocis, etan

530 3098 2756 187 ee4 Cemeneleum Suetriorum opp. in Italia, Cemelio uocatus

798 3036 1168 156 dicitur Montros. Ex Iouio.

575 3232 2680 196 111 Cenereh, uel Cimath Pclastinae urbs iuxta lacum Genezaneth

802 3192 576 133 Ex Munſtero

856 3357 2355 182 Tgberias dicua ab Herode in Tiberij Caesaris honorem

825 3481 477 125 Ex Iosepo

548 3499 2716 196 116 Cemmam Galliae Lugdunensis populi, Cydnomane, prius

807 3615 2484 201 uocati à Cydno gentis auctore, quem Lygur in Italian

811 3731 2462 201 miſit, nunc Maynae. Hi Celitenio Duce in Italiam uel

811 3860 2466 179 nere, locaq. tenuerum ubi Cremona, Brigia, et Vero

811 3981 2471 183 na ſunt et cum Venetis contra Boios, et Insubres bet

816 4092 2470 201 lum gessere ante, quam Aruibal in Italium uenerit Ex

825 4235 1957 169 Beroso, Annio, Declaratione urbium Italiae

557 4306 2720 205 11 Centrones Italiae populi alpini, Cortracenses ſunt, Sa¬

833 4449 2440 160 tron a Gallis diui : et Tarentasij a Tarentasia opp

838 4525 2431 205 do, quod fuit frum claudsj in Graeis alpibus Alij

3144 4636 107 125 pu
