3595 5350
428 713 2774 192 130 Anassum opp. Iapydiae, Naissam, et Naysitana dictum aie

793 780 1816 214 Iornande Altenmburgum est. Ex Luazio

437 922 2810 201 181 Anaxus Venetiae fluuius platus est, et uulgo Pianus in

762 1038 2409 174 agio Taruisino, ut Blondus, Salellicus, Iouinsque co

793 1150 2351 178 dunt ; Plinius tamen Anaxum circa Aquileiam colle

793 1257 2440 191 at, propterea uidetur este fluuius, qui Stella nunc oi

798 1382 2435 165 ttur, et prius Tillauentum minus, quod etiam tradidit

807 1502 785 160 Ioannes candidus

486 1564 2716 219 182 Anagarba Ciliciae urbs ab Azarba Ctizantis filio dict

762 1725 2453 160 Cynda etiam, et Diocaeſarea, deimum Caesarangusta, p

780 1818 2431 165 tia Dioscoridis praeſtantissimi Medici, et Asclepiadis, qui

776 1939 2453 143 inter caetera ſaripnc librum de fluuijs. Ex Plinio, Stepha

490 2037 2730 160 183 Anchialus Thraciae opp. Anchiale a Strabone dictum, ab

744 2144 2440 147 Apolloniatis conditum, et propterea Apollonia etiam uoca

771 2251 1989 152 tum, nunc Eylacia. Ex Strabone, Sophiano

508 2349 2774 178 184 Ancon piceni urbs a Syracusanis Dionysis lyrannidem fu

816 2461 2417 173 gientibus condita in promontorio Cumero in ipso flexule

753 2568 2436 178 toris, ubi Traianus portum fecit, a Suracenis incenm

785 2692 2381 147 Sa, instaurata postea Ancona dicitur nobite Itulia

785 2799 2444 139 uraeciae què emporium : olim Picena uocata ab Æthru

767 2906 2355 161 ſcis, uel, ut ait phlegon, Picenum, Picentia ne, ut esta

771 3009 2453 169 apud Stephanum. Ex ipsis, Plinio, Volaterrano, Ann ea

504 3120 2743 183 185 Ancyra opp. in finibus Galatiae, et phrygiae a Mithrirat,

762 3245 2507 174 et Ariobarzane conditum, Mediacus est, uel Angoris

785 3343 990 152 Ex Munſtero, Iouio.

504 3455 2765 187 186 Andes uicus in agro Mantuano Virgilij poëtae maxi

785 3593 2413 143 mi ſolum natale, Pietoli dicitur : ub Villa est Mar

780 3682 2493 161 tuanorum Principum. Ex Landino, Alexandro Guarino

677 3798 2570 178 fndes poputi in Gallia, Andegauenses ſunt, uulgo An

789 3901 1427 164 gioini,. Ex Munstero Marliano.

490 4016 2703 183 187 Anliantes pannoniae populi, a Strabone Adigetij uocantur

785 4150 651 125 Ex Munster

486 4248 2783 170 188 Andomatunum Longonum opp. in Gallia, Andona dictas

776 4355 2515 188 et uulgo Langres, uel Langies: quo nomine et populi

785 4480 2421 205 psi uocantur, quos alij Linganas appellant. Ex Ru

793 4601 785 124 boerto, Munſtero.

1471 570 313 165 prious

2484 566 156 183 15
