3666 5350
1320 468 414 93 Octauus

664 548 2435 169 et Franconefurt dicitur, quasi uadum Francorum, quód

2368 463 142 125 23

673 659 2364 147 Carolus Magnus aduersus Saxones cum Francis pro

682 757 2368 139 gressus, hoc loco uadum Mogi fluminis inueniſset. Ex

423 976 2645 107 13 Helenum Britanniae promontorium, Cornubia urbs nunc

668 869 1191 138 Othone Frisgensi, Altamero.

660 1043 2457 138 est, quae Cornuualiae prouinciae nomen dedit, in qua op¬

668 1141 2436 125 timi, pulcherrimi q. stanni fodinae sunt. Ex Volaterrano

459 1194 2622 183 14 Heliopolis Ægypti ciuitas à Busiride condita, ab Iudaeis

633 1324 2462 138 Bethsemes dicta, Auen, et on. Ex Hieronymo, Munstero

486 1417 2649 125 15 Hellas antiqua fuit regio in Thessalia ab antiqua pharsa

668 1498 2427 133 lo usq. ad n Thebas phthioticas, dicta ab Hellene Thessali

668 1605 2369 124 filio, uel Deucalionis, et Pyrrhae : et oppidum etiam. Theſ

646 1694 2475 147 ſaliae, quod pharsalij Ex ſtudijs ab eorum urbe dírutū

664 1801 2337 151 ostendebant, conditam ab Hellene phthij, uel Iouis

660 1894 2430 165 filio, quod quidem ∧ fuit ſub Achille : inde Hellenes ab Ho

1413 1876 241 94 oppidum

664 1992 2457 165 mero dicti, qui ſub Achille erant, Achaei etiam uocati,

660 2113 2457 160 et Mymidones : omnes uero Thessali Panellines nun

660 2193 2395 174 cupatis, quoniam Homerus Hellada etiam Thessa

673 2287 2346 209 liam dixerit, teste Aristarcho. Postea Hellas dicta

668 2398 2413 223 fuit regio circa Dodonem, et Sellos prope Acheloum :

655 2518 2413 197 et huius regiones incolae Hellenes et ipsi appellati, in

660 2625 2430 210 de uero Pelasgi. Sed proprie Hellas est prouincia,

664 2759 2417 174 quae coniungitur cum peloponneso, unde peloponne :

651 2889 2399 156 ſum huius Helladis arcem dixere antiqui, et proten

651 3000 2408 160 ditur usq. ad Acroceraunios 480 M. p. longitudine,

664 3111 2391 139 287 M latitudine, continens Thessaliam, Atticam,

646 3205 2453 178 Boeotiam, Achaiam, Locrim, Phocidem, Dorim, et Epirū

655 3321 2498 156 Graecia dicta, quoniam huius prouinciae Hellenes olim

651 3437 2390 183 ſicut et nunc, Graeci uocabantur. Argiui autem ap

655 3530 2355 210 pellati fuere, ab Argo urbe insigni prima condita in

655 3646 2413 192 Graaecia : et Danais a Danaro Beli filio, qui ex Libya

655 3762 2426 201 Argos ⟦uerrit⟧ Ægyptum fratrem fugiens : ab Iudaeis

985 3789 223 94 accessit

660 3878 2470 201 nuncupantur Iauan a filio Ihapheti, a Barbanis Rhae¬

651 4003 2493 170 ti ꝙ littera ablata, et Iaonnes : unde Sophocles Iannas

677 4101 2391 187 quandoq. pro Graecis dixit : a Scythis, qui in Thra

664 4199 2399 196 cia ſunt, Cardiae appellantur, postea quam̀ Car

655 4302 2435 192 diam eorum urbem in Thracia diripuerunt. prop

668 4404 2489 183 ter horum Graecorum uirtutem fertur quandoque

2881 4516 191 142 Hel
