3681 5350
687 713 1048 147 politano. Ex Collenutio

437 784 2650 192 38 Inutrium Vindeliciae opp. quo loco Boi Romanum exerc

704 918 2356 152 tum ter uicere : Miseruuald nunc a Lazio dictur : a

718 1012 2329 165 Munstero Inspruch, quem Erasmus Oenipontem

704 1114 2388 165 uocauit : Sed Aueninus Oenipotem nunc dici ait

704 1230 1272 134 Otingam ab Otone Duce

553 1270 2512 183 Iolenaes Sardiniae montani incolae, Diagebres postea

700 1373 2409 187 uocati, nunc ſunt Diasbergi. Ex Strabone, Bordono

450 1475 2686 174 40 Iona in Britannico oceano Insulae, chilia est, uetus Sce

704 1587 1553 182 tiae Regum ſepulchrum. Ex Iouio

477 1671 2650 219 4 Ionia maritima legio, Lydiae, et Cariae, a posidio Mileſio

713 1787 2405 188 rum, et Caricis montibus phocaeam, et Hermum usa

722 1890 2383 196 extensa q430 ſtadiorum fere nauigatiour, uel certr

736 1988 2373 227 800 ſtadiorum longitudinr : a diuersis populis possessa

740 2113 2369 205 fuit. Loca enim circa Mycalen, et Ephesna Cane

727 2175 2400 268 tenuem, ut Suibic pherecyos : Sequentem oram Leti

731 2309 2405 259 ges usq. phocaeam. Inde Atheniensium Colonia es

736 2389 2360 308 deducta fuit ab Androclo Codri filio, e Ionia abi

740 2541 2427 290 Mheniensibus cipsis dicta, qui lones appellabantur : nun

745 2661 2355 259 yaiscum est, uel quis ſib Turcarum Imperi Ex

749 2813 1856 232 Strabone, Velleio, Oliunio, Manstero

481 2902 2660 254 42 Ionium mare ab Ione Ilyrico Rege Dyrehachij, Adro

736 3045 2400 205 ue filio uocatum, uel, ut Æschylo placet, ab Iuh erro

736 3165 2440 209 re, quae ex Dodone ueniens ipsum traiecit, Ægypuis

758 3276 2392 201 petens, ubi peperit Epaphum : uel certe, ut ait Ar

749 3401 2401 192 chemachus, quod in eo Iones perieint : Sinus Neptui

749 3499 2401 205 ni, t Rheeae, Chronium etiam, et Saturnium à. Sa

758 3571 2409 249 turno appellatum, uel a Chronia Insula ; Inferum

1320 3713 272 112 prs : u

754 3691 2427 241 quoq, Adrias, et Adriatinum, uel Atriacum ab Aduia

758 3816 2374 223 Atria ue Tuscorum urbe : et Cretam usq. proter

785 3901 2382 240 dicur. Graeci uoo dici debant Ionium ipsum in Sicub

754 4034 2418 192 Creticum, et Icarium, quod est inter Samum, et My

771 4115 2347 205 conem : Romani Macedonicum appellaruut quod

780 4226 2370 241 Macedoniam, et Thraciam attigit. Graecienss

776 4333 2405 321 quu Grecum abuit r Srais iuciper iectum cu

2944 4422 170 205 ad
