3681 5350
365 557 2669 276 418 pedasus oppilum in phrygia, Moneca dictum fuit, quod cepia

606 699 2423 192 Achilles admonitus a uirgino oppidana a quam intus deficel

615 789 2316 173 re, quòd Suibunt Demdetrius, et Hesiodus. Stephanus

624 869 2365 187 pegaſsum appellauit, et male. Hic habitabant Lelege

620 971 2347 170 inter Dardanios, et Cilices uoianos, qui postea in Ca

629 1038 2329 188 riam abierunt, et pedasa habitarunt , quod et Pigasa

651 1123 2325 178 dicitur : qui ſinus, pst a Lecto nd Cauas. Ex Sihola

646 1230 911 138 in Homerum, Eusnthro

602 1226 2418 249 pedasus Mysie opp. Adramystia diciam ab Adramysto Pelase

664 1333 2343 218 poſtea Adramycteios, uel Adramycteium ab Adramyita

651 1422 2369 214 Ctisto Alyati filio Croesi fratre, ut art Ariſtoteles, ue

651 1533 2391 179 ab Harnone, Lydorum Rege : nam Lydi Harmona Adra

660 1605 2289 200 myn dicunt phrygia lingua. Hic ſinus est a Lecto a

642 1680 2378 196 conas, in quo ppatio comprehenditur etiam Sinus Lla

646 1756 2423 205 tiaus, Eleatiaus a Strabone dictus. Sed proprie Adramyt

651 1872 2400 178 tenus dicitur, qui clauditur a duobus promontorijs inter

651 1943 2378 219 ſe CXX Stadijs distantibus, in quorum altero Gargari

660 2046 2365 214 ſunt, in altero pyrrha uocatum Aphrodisium. Ex Stro

655 2140 1433 173 bono, Plinio, Stephano, Eustatih

446 2148 2525 286 4 Pedonia Insula in mari Ægyptiaco, Sidonia dicitur a

673 2371 469 116 Strabone

437 2304 2583 286 50 peison lacus in pannonia, Balathon est. Ex Bonfinio

472 2407 2584 294 11 Pelasgia peloponnesi pars ad pharsaliam, et Lariſsam

655 2523 2343 245 a pelasgo lese dicta Iouis Hidbes q. flio : Apia prius

673 2594 2311 295 ppellata ab Apro, uel Apide phoronei filut, uel a Sn

673 2724 2356 231 citate quae ibi in aridis locus est, et quae aia dicitur

664 2777 2352 294 uel a Pyris agrestibus ibi primum natis, quos a,Piya

673 2889 2374 271 uocant postea uno tota peninsula inter Ægaeum a

678 3036 2306 231 re, et Ionium ocxisi M. p. ambcu pelasgia, Apaeo

669 3094 2271 272 dicta : Argus etiam ab Arga filio panopti, uel Iouis

669 3187 2387 281 Argos Achaicum ab Achaeis phlithiotis : Argos Iason, Ar

700 3281 2378 285 gos Hippron, et Argos Hippoboton, quod equis abunda

687 3383 2364 259 ret. Ægialea item ab Ægialeo filo Inachi fluuij, u

700 3464 2351 285 Meliae, uel Melicae Hymphae oceanm fliae : Inachia ab

709 3580 2405 263 Inae ho ipso : pania, et a Pelope Tantali flio pelopees

704 3682 2401 236 us, et peloponnesus, Eanquam Pelopis Insula, nunc Mo¬

709 3776 2311 232 rea platani folio ſimilis. In qua olim regiones occo

704 3878 2307 228 fuere Cprynthiab Sicyonia Argolis, laconia, Messenia

709 3967 2280 228 elis, Achaia, et Arcadia, montes Septuaginta tres

709 4034 2284 241 nulli terrae nobilitate postferenda, nunc miſera su

718 4248 509 134 Turcarum

1351 4137 1647 174 rannide peloponnesij Argiui propuie

1343 4208 1699 196 Strabone, Dconysio Aphbro, Velleio, Pl

736 4315 495 174 dicebantur.

736 4306 2378 263 no pausania, Eusebio, Sihols in Honerum, Stephauo

803 4560 116 188 at

1124 4440 1191 205 Eustathio, Varino, Bordono

1365 485 102 174 ntu
