<?xml version="1.0" encoding="UTF-8"?>
<alto xmlns:xsi="http://www.w3.org/2001/XMLSchema-instance"
      xmlns="http://www.loc.gov/standards/alto/ns-v4#"
      xsi:schemaLocation="http://www.loc.gov/standards/alto/ns-v4# http://www.loc.gov/standards/alto/v4/alto-4-2.xsd">
  <Description>
    <MeasurementUnit>pixel</MeasurementUnit>
    <sourceImageInformation>
      <fileName>Cod_174_f104r.tif</fileName>
      
    </sourceImageInformation>
  </Description>
  
  <Tags>
    <OtherTag ID="BT98" LABEL="MainZone" DESCRIPTION="block type MainZone"/><OtherTag ID="BT99" LABEL="RunningTitleZone" DESCRIPTION="block type RunningTitleZone"/><OtherTag ID="BT100" LABEL="QuireMarksZone:catchwords" DESCRIPTION="block type QuireMarksZone:catchwords"/><OtherTag ID="BT101" LABEL="TitlePageZone" DESCRIPTION="block type TitlePageZone"/><OtherTag ID="BT110" LABEL="MarginTextZone:note" DESCRIPTION="block type MarginTextZone:note"/><OtherTag ID="BT111" LABEL="NumberingZone:page" DESCRIPTION="block type NumberingZone:page"/>
    <OtherTag ID="LT41" LABEL="headingLine" DESCRIPTION="line type headingLine"/><OtherTag ID="LT43" LABEL="InterlinearLine:correction" DESCRIPTION="line type InterlinearLine:correction"/><OtherTag ID="LT85" LABEL="DefaultLine" DESCRIPTION="line type DefaultLine"/>
  </Tags>
  
  <Layout>
    <Page WIDTH="3681"
          HEIGHT="5350"
          PHYSICAL_IMG_NR="35"
          ID="eSc_dummypage_">
      <PrintSpace HPOS="0"
                  VPOS="0"
                  WIDTH="3681"
                  HEIGHT="5350">
        
        <TextBlock HPOS="345"
                   VPOS="677"
                   WIDTH="2871"
                   HEIGHT="4062"
                   ID="eSc_textblock_e3e2e4e0"
                   TAGREFS="BT98">
          <Shape><Polygon POINTS="3216 4436 3163 4543 1833 4596 1383 4739 678 4739 638 4525 389 4534 376 4378 630 4351 642 3709 606 1605 374 1547 374 1462 606 1386 588 1141 357 1127 345 1004 566 998 588 873 369 851 374 726 543 740 874 749 2158 707 2326 712 2481 718 2584 716 2967 677 3056 766 3113 2379 3074 2973 3149 3216 3074 3901 3216 4173"/></Shape>
          
          
          <TextLine ID="eSc_line_25fd4eb7"
                    TAGREFS="LT85"
                    BASELINE="2271 646 2489 637" 
                    HPOS="2257"
                    VPOS="570"
                    WIDTH="232"
                    HEIGHT="94">
            <Shape><Polygon POINTS="2271 646 2257 579 2476 570 2489 637 2485 659 2271 664"/></Shape>
	    <String CONTENT="104"
                    HPOS="2257"
                    VPOS="570"
                    WIDTH="232"
                    HEIGHT="94"></String>
          </TextLine>

          
          
          <TextLine ID="eSc_line_dce091a7"
                    TAGREFS="LT41"
                    BASELINE="606 726 1655 717" 
                    HPOS="602"
                    VPOS="619"
                    WIDTH="1053"
                    HEIGHT="125">
            <Shape><Polygon POINTS="606 726 602 624 673 650 754 624 758 624 762 624 767 624 771 624 776 624 870 659 977 637 981 637 986 637 1039 659 1280 659 1307 633 1316 624 1316 619 1320 619 1325 619 1329 619 1334 619 1369 633 1423 650 1441 633 1445 628 1450 628 1454 628 1459 628 1463 628 1476 633 1539 655 1641 637 1655 717 1650 740 606 744"/></Shape>
	    <String CONTENT="Liber quartus decimus"
                    HPOS="602"
                    VPOS="619"
                    WIDTH="1053"
                    HEIGHT="125"></String>
          </TextLine>

          
          
          <TextLine ID="eSc_line_796486d6"
                    TAGREFS="LT85"
                    BASELINE="392 798 2998 780" 
                    HPOS="388"
                    VPOS="691"
                    WIDTH="2610"
                    HEIGHT="133">
            <Shape><Polygon POINTS="392 798 388 708 428 731 455 708 459 704 459 704 464 704 464 704 464 704 468 704 468 704 472 704 472 704 472 704 504 708 593 726 655 708 673 704 678 704 678 704 678 704 682 704 682 704 687 704 687 704 687 704 691 704 696 708 731 735 977 735 1048 708 1061 704 1066 704 1066 704 1066 704 1070 704 1191 708 1615 726 1722 708 1798 695 1798 695 1802 695 1802 695 1802 695 1865 708 1936 722 1989 708 2034 695 2039 695 2039 695 2039 695 2043 695 2043 695 2047 695 2047 695 2083 708 2128 722 2181 708 2226 695 2230 695 2230 695 2235 695 2235 695 2235 695 2239 695 2239 695 2271 708 2306 722 2320 708 2337 695 2337 691 2337 691 2342 691 2342 691 2346 691 2346 691 2346 691 2351 691 2351 691 2351 691 2355 691 2355 691 2360 691 2387 708 2409 722 2596 722 2610 708 2623 695 2623 691 2623 691 2628 691 2628 691 2628 691 2632 691 2632 691 2636 691 2636 691 2636 691 2717 708 2766 717 2779 708 2793 695 2793 691 2793 691 2797 691 2797 691 2797 691 2802 691 2802 691 2802 691 2806 691 2989 708 2998 780 2993 798 392 824"/></Shape>
	    <String CONTENT="1 Pachinum Siciliae promontorium ab aëris craſsitudine"
                    HPOS="388"
                    VPOS="691"
                    WIDTH="2610"
                    HEIGHT="133"></String>
          </TextLine>

          
          
          <TextLine ID="eSc_line_894f7998"
                    TAGREFS="LT85"
                    BASELINE="615 896 3025 864" 
                    HPOS="611"
                    VPOS="780"
                    WIDTH="2414"
                    HEIGHT="138">
            <Shape><Polygon POINTS="615 896 611 815 1186 824 1316 811 1441 798 1441 798 1445 798 1445 798 1521 811 1583 820 1650 811 1749 793 1749 793 1749 793 1753 793 1753 793 1860 811 1909 815 1945 806 2021 789 2025 789 2025 789 2030 789 2030 789 2266 806 2329 811 2337 806 2382 784 2382 784 2382 784 2387 784 2387 784 2387 784 2391 784 2645 806 2672 806 2694 806 2909 780 2909 780 2913 780 2913 780 2918 780 3020 806 3025 864 3025 878 2677 909 2672 909 2672 909 2467 887 2436 887 2413 891 2279 913 2279 913 2279 913 2275 913 2275 913 2128 891 2101 891 2079 896 1958 918 1958 918 1958 918 1954 918 1954 918 1949 918 1878 896 1869 896 1865 896 1833 918 1829 918 1829 918 1829 918 1824 918 1824 918 1820 918 611 913"/></Shape>
	    <String CONTENT="dictum, nunc uocatur caput passari, uel Caput pacini,"
                    HPOS="611"
                    VPOS="780"
                    WIDTH="2414"
                    HEIGHT="138"></String>
          </TextLine>

          
          
          <TextLine ID="eSc_line_92526a1a"
                    TAGREFS="LT85"
                    BASELINE="370 1070 2810 1047" 
                    HPOS="356"
                    VPOS="967"
                    WIDTH="2468"
                    HEIGHT="147">
            <Shape><Polygon POINTS="370 1070 356 1007 481 980 481 980 481 980 486 980 776 998 838 1003 870 998 994 976 994 976 994 976 999 976 999 976 1119 994 1142 998 1160 994 1222 976 1227 976 1227 976 1231 976 1231 976 1231 976 1235 976 1289 994 1311 998 1476 989 1931 967 1936 967 1936 967 1940 967 1940 967 1989 985 2007 989 2025 985 2074 967 2079 967 2079 967 2079 967 2083 967 2083 967 2177 980 2230 989 2797 976 2810 1047 2824 1056 2802 1083 2797 1083 2797 1087 2797 1087 2793 1087 2793 1087 2793 1087 2788 1087 2788 1087 2788 1087 2784 1087 2409 1070 2382 1092 2382 1096 2382 1096 2378 1096 2378 1096 2378 1096 2373 1096 2373 1096 2369 1096 2369 1096 2163 1078 2128 1101 2123 1101 2123 1101 2119 1101 2119 1101 2119 1101 2114 1101 2114 1101 2110 1101 2007 1074 1691 1074 1646 1105 1641 1105 1641 1105 1641 1105 1637 1105 1637 1105 1633 1105 1633 1105 1633 1105 1628 1105 1534 1078 1383 1105 1383 1105 1383 1105 1378 1105 1378 1105 1374 1105 1302 1087 1280 1105 1280 1110 1280 1110 1276 1110 1276 1110 1276 1110 1271 1110 1271 1110 1267 1110 1267 1110 1079 1087 887 1110 887 1110 883 1110 883 1110 883 1110 878 1110 878 1110 878 1110 874 1110 874 1110 856 1092 834 1110 834 1114 834 1114 829 1114 829 1114 829 1114 825 1114 825 1114 825 1114 820 1114 544 1092 464 1114 459 1114 459 1114 459 1114 455 1114 455 1114 455 1114 450 1114 361 1083"/></Shape>
	    <String CONTENT="aut paſciti. Ex Seruio, Quintino Heduo, Oliuario, Munst."
                    HPOS="356"
                    VPOS="967"
                    WIDTH="2468"
                    HEIGHT="147"></String>
          </TextLine>

          
          
          <TextLine ID="eSc_line_3b5fd1d8"
                    TAGREFS="LT85"
                    BASELINE="606 985 2976 945" 
                    HPOS="597"
                    VPOS="887"
                    WIDTH="2379"
                    HEIGHT="125">
            <Shape><Polygon POINTS="606 985 597 927 1133 891 1137 891 1137 891 1383 909 1463 887 1467 887 1467 887 1472 887 2967 887 2976 945 2976 962 1998 1003 1994 1003 1994 1003 1994 1003 1989 1003 1989 1003 1989 1003 1949 980 1945 980 1909 985 1655 1012 1650 1012 602 1003"/></Shape>
	    <String CONTENT="2 Pactolus Lydiae fluuius ex Tmolo fluens, a Graecis"
                    HPOS="597"
                    VPOS="887"
                    WIDTH="2379"
                    HEIGHT="125"></String>
          </TextLine>

          
          
          <TextLine ID="eSc_line_74e18c65"
                    TAGREFS="LT85"
                    BASELINE="633 1168 3029 1114" 
                    HPOS="615"
                    VPOS="1029"
                    WIDTH="2414"
                    HEIGHT="161">
            <Shape><Polygon POINTS="633 1168 615 1105 651 1078 651 1078 655 1078 655 1078 660 1078 660 1078 660 1078 664 1078 892 1096 950 1101 963 1096 1021 1070 1021 1070 1026 1070 1026 1070 1026 1070 1030 1070 1030 1070 1160 1087 1218 1096 1235 1087 1267 1065 1271 1065 1271 1065 1276 1065 1276 1065 1276 1065 1280 1065 1280 1065 1285 1065 1285 1065 1334 1083 1356 1092 1369 1083 1392 1065 1396 1065 1396 1065 1396 1065 1401 1065 1401 1065 1405 1065 1405 1065 1517 1078 1619 1087 1717 1070 1824 1052 1824 1052 1829 1052 1829 1052 1829 1052 1833 1052 1833 1052 1833 1052 1838 1052 1838 1052 1851 1065 1869 1078 2565 1070 2605 1043 2614 1034 2619 1034 2619 1034 2619 1034 2623 1034 2623 1034 2623 1034 2628 1034 2628 1034 2672 1038 2819 1061 3016 1029 3029 1114 3029 1141 633 1190"/></Shape>
	    <String CONTENT="Chrysorrhoas dicitur, quòd auris ramenta ferat, unde"
                    HPOS="615"
                    VPOS="1029"
                    WIDTH="2414"
                    HEIGHT="161"></String>
          </TextLine>

          
          
          <TextLine ID="eSc_line_f67ef4f7"
                    TAGREFS="LT85"
                    BASELINE="620 1261 3016 1208" 
                    HPOS="606"
                    VPOS="1127"
                    WIDTH="2410"
                    HEIGHT="165">
            <Shape><Polygon POINTS="620 1261 606 1190 1543 1150 1548 1150 1548 1150 1548 1150 1552 1150 1552 1150 1592 1168 1606 1172 1619 1168 1673 1145 1673 1145 1677 1145 1677 1145 1677 1145 1682 1145 1931 1159 1998 1163 2016 1159 2079 1136 2079 1136 2083 1136 2083 1136 2088 1136 2088 1136 2279 1154 2306 1154 2324 1154 2458 1127 2458 1127 2458 1127 2462 1127 2462 1127 2467 1127 2467 1127 2520 1150 2525 1150 3002 1141 3016 1208 3011 1230 620 1292"/></Shape>
	    <String CONTENT="fuere diuitiae Croesi, aliorum q. Regum Lydiae : nunc"
                    HPOS="606"
                    VPOS="1127"
                    WIDTH="2410"
                    HEIGHT="165"></String>
          </TextLine>

          
          
          <TextLine ID="eSc_line_92ee0042"
                    TAGREFS="LT85"
                    BASELINE="624 1346 1503 1315 2998 1301" 
                    HPOS="611"
                    VPOS="1208"
                    WIDTH="2387"
                    HEIGHT="169">
            <Shape><Polygon POINTS="624 1346 611 1279 678 1243 678 1243 678 1243 682 1243 682 1243 682 1243 687 1243 687 1243 691 1243 691 1243 691 1243 696 1243 740 1275 892 1275 1815 1226 1820 1226 1958 1226 1958 1226 1958 1226 1963 1226 1963 1226 1963 1226 1967 1226 1967 1226 1967 1230 1989 1252 2052 1221 2052 1221 2052 1221 2056 1221 2056 1221 2061 1221 2061 1221 2061 1221 2065 1221 2141 1248 2172 1221 2172 1221 2177 1221 2177 1221 2177 1221 2181 1221 2181 1221 2186 1221 2186 1221 2186 1221 2190 1221 2190 1221 2190 1221 2244 1248 2360 1248 2587 1248 2587 1243 2654 1212 2654 1212 2654 1212 2659 1212 2659 1212 2659 1212 2958 1208 2962 1208 2962 1208 2967 1208 2967 1208 2967 1208 2971 1208 2971 1208 2971 1212 2998 1239 2998 1301 2993 1333 1499 1333 624 1377"/></Shape>
	    <String CONTENT="chresſoora uocari creditur, uel Chrisorus. Ex Virgilio,"
                    HPOS="611"
                    VPOS="1208"
                    WIDTH="2387"
                    HEIGHT="169"></String>
          </TextLine>

          
          
          <TextLine ID="eSc_line_a716c73f"
                    TAGREFS="LT85"
                    BASELINE="633 1431 2547 1391" 
                    HPOS="615"
                    VPOS="1301"
                    WIDTH="1932"
                    HEIGHT="143">
            <Shape><Polygon POINTS="633 1431 615 1373 660 1337 660 1337 664 1337 664 1337 664 1337 669 1337 669 1337 669 1337 673 1337 673 1337 834 1364 1048 1328 1048 1328 1052 1328 1052 1328 1052 1328 1057 1328 1057 1328 1057 1328 1102 1350 1146 1328 1146 1328 1146 1328 1151 1328 1151 1328 1155 1328 1155 1328 1418 1350 1467 1319 1472 1319 1472 1319 1472 1319 1476 1319 1476 1319 1481 1319 1481 1319 1481 1319 1601 1346 1704 1315 1708 1315 1708 1315 1708 1315 1713 1315 1713 1315 1717 1315 1824 1341 1856 1315 1856 1315 1860 1315 1860 1315 1860 1315 1865 1315 1865 1315 1869 1315 1869 1315 1869 1315 1873 1315 1873 1315 1873 1315 1918 1337 2030 1310 2034 1310 2034 1310 2039 1310 2039 1310 2039 1310 2043 1310 2043 1310 2110 1337 2476 1301 2476 1301 2480 1301 2480 1301 2485 1301 2485 1301 2485 1301 2543 1333 2547 1391 2547 1417 633 1444"/></Shape>
	    <String CONTENT="plinio, Claudiano, Bucatio, Zacharia Lilio."
                    HPOS="615"
                    VPOS="1301"
                    WIDTH="1932"
                    HEIGHT="143"></String>
          </TextLine>

          
          
          <TextLine ID="eSc_line_099ab9eb"
                    TAGREFS="LT85"
                    BASELINE="379 1538 3047 1448" 
                    HPOS="365"
                    VPOS="1359"
                    WIDTH="2682"
                    HEIGHT="201">
            <Shape><Polygon POINTS="379 1538 365 1471 419 1444 419 1444 419 1444 423 1444 423 1444 428 1444 428 1444 428 1444 432 1444 432 1444 432 1444 437 1444 468 1466 486 1444 490 1444 490 1440 490 1440 495 1440 495 1440 495 1440 499 1440 499 1440 504 1440 504 1440 504 1440 508 1440 588 1462 602 1466 611 1462 660 1440 660 1440 660 1440 664 1440 664 1440 669 1440 669 1440 669 1440 673 1440 673 1440 673 1440 678 1440 678 1440 700 1462 704 1462 874 1462 892 1453 1008 1422 1012 1422 1012 1422 1017 1422 1017 1422 1017 1422 1128 1448 1142 1448 1142 1444 1177 1417 1177 1417 1182 1417 1182 1417 1182 1417 1186 1417 1186 1417 1186 1417 1191 1417 1191 1417 1195 1417 1195 1417 1253 1440 1289 1413 1293 1413 1293 1413 1293 1413 1298 1413 1298 1413 1298 1413 1302 1413 1302 1413 1302 1413 1414 1435 1646 1408 1646 1408 1650 1408 1914 1422 1940 1422 1945 1422 1989 1391 1994 1391 1994 1391 1994 1391 1998 1391 1998 1391 1998 1391 2003 1391 2253 1408 2271 1386 2275 1386 2275 1382 2275 1382 2279 1382 2279 1382 2279 1382 2284 1382 2284 1382 2288 1382 2288 1382 2471 1404 2476 1404 2480 1404 2610 1368 2614 1368 2614 1368 2619 1368 2619 1368 2619 1368 2623 1368 2699 1395 2739 1364 2739 1364 2744 1364 2744 1364 2748 1364 2748 1364 2748 1364 2752 1364 2752 1364 2752 1364 2877 1391 2877 1391 2877 1391 2989 1359 2993 1359 2993 1359 2993 1359 2998 1359 2998 1359 3002 1359 3002 1359 3002 1359 3007 1359 3047 1386 3047 1448 3042 1480 379 1560"/></Shape>
	    <String CONTENT="3 Padusa palus Italiae LX M. P. longitudine ab Adriatico"
                    HPOS="365"
                    VPOS="1359"
                    WIDTH="2682"
                    HEIGHT="201"></String>
          </TextLine>

          
          
          <TextLine ID="eSc_line_b647c7df"
                    TAGREFS="LT85"
                    BASELINE="629 1631 3042 1551" 
                    HPOS="620"
                    VPOS="1480"
                    WIDTH="2422"
                    HEIGHT="182">
            <Shape><Polygon POINTS="629 1631 620 1573 789 1538 789 1538 789 1538 794 1538 794 1538 798 1538 883 1560 887 1560 892 1560 1070 1529 1070 1529 1070 1529 1075 1529 1075 1529 1079 1529 1079 1529 1137 1551 1155 1529 1160 1529 1160 1524 1160 1524 1164 1524 1164 1524 1164 1524 1168 1524 1168 1524 1173 1524 1173 1524 1365 1542 1387 1542 1445 1538 1963 1498 1967 1498 1967 1498 1967 1498 2061 1515 2097 1520 2208 1511 2498 1480 2498 1480 2503 1480 2503 1480 2507 1480 2561 1498 2587 1502 3029 1480 3042 1551 3042 1587 2378 1587 2235 1605 2101 1622 2101 1622 2097 1622 2097 1622 2097 1622 2092 1622 2056 1609 2021 1600 1945 1613 1833 1631 1833 1631 1829 1631 1592 1622 1467 1618 1378 1627 1160 1654 1160 1654 1155 1654 1155 1654 1057 1636 1030 1631 999 1636 892 1662 892 1662 892 1662 887 1662 624 1645"/></Shape>
	    <String CONTENT="mari, ad Bodincomagum oppidum, inter Rhauennam, et"
                    HPOS="620"
                    VPOS="1480"
                    WIDTH="2422"
                    HEIGHT="182"></String>
          </TextLine>

          
          
          <TextLine ID="eSc_line_20c308c4"
                    TAGREFS="LT85"
                    BASELINE="624 1720 1583 1703 3016 1631" 
                    HPOS="615"
                    VPOS="1564"
                    WIDTH="2401"
                    HEIGHT="201">
            <Shape><Polygon POINTS="624 1720 615 1645 789 1658 932 1631 950 1631 950 1631 954 1631 1003 1631 1365 1636 1378 1618 1378 1618 1383 1618 1383 1613 1383 1613 1387 1613 1387 1613 1387 1613 1392 1613 1392 1613 1392 1613 1396 1613 1396 1613 1401 1613 1418 1618 1467 1631 1485 1613 1494 1609 1494 1605 1494 1605 1499 1605 1499 1605 1499 1605 1503 1605 1503 1605 1503 1605 1508 1605 1508 1605 1512 1605 1548 1613 1606 1627 1628 1609 1637 1600 1637 1600 1641 1600 1641 1600 1641 1600 1646 1600 1646 1600 1650 1600 1650 1600 1655 1600 1655 1600 1682 1609 1722 1622 1851 1605 1940 1591 1940 1591 1945 1591 2074 1596 2181 1600 2195 1591 2208 1578 2208 1578 2213 1578 2213 1578 2213 1578 2217 1578 2217 1578 2217 1578 2221 1578 2221 1578 2320 1587 2387 1596 2431 1587 2503 1564 2507 1564 2507 1564 2512 1564 2512 1564 2512 1564 2516 1564 2516 1564 2516 1564 2547 1582 2561 1587 3002 1569 3016 1631 3016 1654 1512 1734 1508 1734 1432 1729 1311 1720 1298 1734 1298 1738 1293 1738 1293 1743 1293 1743 1289 1743 1289 1743 1289 1743 1285 1743 1285 1743 1280 1743 1173 1743 852 1734 624 1765"/></Shape>
	    <String CONTENT="Altinum CXX M. P. latitudine ;  padí , aliorum q. am"
                    HPOS="615"
                    VPOS="1564"
                    WIDTH="2401"
                    HEIGHT="201"></String>
          </TextLine>

          
          
          <TextLine ID="eSc_line_57a28b5b"
                    TAGREFS="LT85"
                    BASELINE="642 1814 2922 1734" 
                    HPOS="633"
                    VPOS="1654"
                    WIDTH="2289"
                    HEIGHT="182">
            <Shape><Polygon POINTS="642 1814 633 1752 2909 1654 2922 1734 2918 1752 642 1836"/></Shape>
	    <String CONTENT="nium aliquorum ex Apennino defluentium a quis"
                    HPOS="633"
                    VPOS="1654"
                    WIDTH="2289"
                    HEIGHT="182"></String>
          </TextLine>

          
          
          <TextLine ID="eSc_line_4c455285"
                    TAGREFS="LT85"
                    BASELINE="620 1917 1798 1885 3042 1814" 
                    HPOS="606"
                    VPOS="1743"
                    WIDTH="2436"
                    HEIGHT="227">
            <Shape><Polygon POINTS="620 1917 606 1854 3034 1743 3042 1814 3038 1841 1454 1934 1450 1934 1450 1934 1401 1930 1253 1912 1222 1939 1222 1939 1222 1943 1222 1943 1218 1943 1218 1943 1218 1943 1213 1943 1213 1943 1213 1943 1209 1943 1209 1943 1204 1943 1204 1943 1204 1943 1200 1943 1200 1943 1164 1921 620 1970"/></Shape>
	    <String CONTENT="Stagnantibus confecta : a Poetis dici uidetur Eridanus"
                    HPOS="606"
                    VPOS="1743"
                    WIDTH="2436"
                    HEIGHT="227"></String>
          </TextLine>

          
          
          <TextLine ID="eSc_line_96126cf3"
                    TAGREFS="LT85"
                    BASELINE="620 2024 2012 1975 2998 1903" 
                    HPOS="606"
                    VPOS="1836"
                    WIDTH="2392"
                    HEIGHT="232">
            <Shape><Polygon POINTS="620 2024 606 1966 847 1957 847 1952 865 1930 870 1930 870 1925 870 1925 874 1925 874 1925 874 1925 878 1925 878 1925 878 1925 883 1925 883 1925 887 1925 887 1925 887 1925 932 1948 945 1952 1003 1943 1160 1912 1160 1912 1160 1912 1164 1912 1334 1925 1432 1930 1985 1908 2003 1890 2016 1876 2016 1872 2016 1872 2021 1872 2021 1872 2021 1872 2025 1872 2025 1872 2025 1872 2030 1872 2030 1872 2101 1881 2172 1894 2302 1872 2378 1859 2378 1859 2378 1859 2382 1859 2382 1859 2387 1859 2387 1859 2387 1859 2404 1868 2431 1881 2449 1863 2462 1854 2462 1850 2462 1850 2467 1850 2467 1850 2471 1850 2471 1850 2471 1850 2476 1850 2636 1854 2833 1859 2989 1836 2998 1903 2998 1925 2873 1934 2846 1961 2846 1966 2846 1966 2842 1966 2842 1966 2842 1966 2837 1966 2837 1966 2837 1966 2833 1966 2833 1966 2690 1943 2681 1943 2650 1943 1931 2010 1931 2015 1378 2015 1280 2041 1276 2041 1276 2041 1271 2041 1271 2041 1102 2019 1088 2019 1084 2019 1026 2046 1026 2046 1021 2046 1021 2046 1021 2046 1017 2046 736 2041 718 2064 713 2064 713 2068 713 2068 709 2068 709 2068 709 2068 704 2068 704 2068 700 2068 700 2068 700 2068 696 2068 611 2041"/></Shape>
	    <String CONTENT="quoniam Eridanum prope padum esse dicebant, cir"
                    HPOS="606"
                    VPOS="1836"
                    WIDTH="2392"
                    HEIGHT="232"></String>
          </TextLine>

          
          
          <TextLine ID="eSc_line_755c5bc2"
                    TAGREFS="LT85"
                    BASELINE="620 2117 2132 2068 2913 2015" 
                    HPOS="611"
                    VPOS="1943"
                    WIDTH="2302"
                    HEIGHT="188">
            <Shape><Polygon POINTS="620 2117 611 2059 825 2050 829 2046 861 2019 861 2019 865 2019 865 2019 865 2019 870 2019 870 2019 874 2019 874 2019 874 2019 878 2019 878 2019 878 2019 883 2019 883 2019 910 2041 910 2041 1052 2041 1061 2032 1124 2006 1124 2006 1124 2006 1128 2006 1128 2006 1133 2006 1133 2006 1133 2006 1235 2024 1253 2028 1267 2024 1334 1997 1334 1997 1338 1997 1338 1997 1338 1997 1343 1997 1534 2010 1610 2015 1655 2006 1744 1979 1749 1979 1749 1979 1749 1979 1753 1979 1753 1979 1757 1979 1757 1979 1807 1997 1824 2006 1833 1997 1847 1979 1851 1979 1851 1975 1851 1975 1856 1975 1856 1975 1860 1975 1860 1975 1860 1975 1865 1975 1865 1975 1865 1975 1869 1975 1918 1992 1949 2001 2047 2001 2061 1983 2070 1970 2074 1970 2074 1966 2074 1966 2079 1966 2079 1966 2079 1966 2083 1966 2083 1966 2088 1966 2088 1966 2190 1979 2275 1988 2297 1970 2311 1961 2311 1957 2315 1957 2315 1957 2315 1957 2320 1957 2320 1957 2320 1957 2324 1957 2440 1966 2574 1975 2596 1957 2610 1948 2610 1943 2614 1943 2614 1943 2614 1943 2619 1943 2619 1943 2623 1943 2909 1943 2913 2015 2909 2037 2641 2046 2641 2050 2628 2068 2623 2068 2623 2073 2623 2073 2619 2073 2619 2073 2619 2073 2614 2073 2614 2073 2614 2073 2610 2073 2610 2073 2605 2073 2605 2073 2552 2055 2552 2055 2534 2055 2065 2095 2065 2095 620 2131"/></Shape>
	    <String CONTENT="ca quem Eridanum Heliades phaëthontis ſorores"
                    HPOS="611"
                    VPOS="1943"
                    WIDTH="2302"
                    HEIGHT="188"></String>
          </TextLine>

          
          
          <TextLine ID="eSc_line_b7bfe297"
                    TAGREFS="LT85"
                    BASELINE="638 2215 2097 2166 3025 2104" 
                    HPOS="620"
                    VPOS="2037"
                    WIDTH="2414"
                    HEIGHT="196">
            <Shape><Polygon POINTS="638 2215 620 2162 655 2131 655 2131 655 2131 660 2131 660 2131 664 2131 664 2131 664 2131 669 2131 669 2131 834 2148 972 2117 972 2117 972 2117 977 2117 977 2117 981 2117 981 2117 1044 2140 1186 2108 1186 2108 1186 2108 1191 2108 1191 2108 1334 2126 1351 2126 1365 2122 1454 2095 1459 2095 1459 2095 1459 2095 1463 2095 1463 2095 1463 2095 1467 2095 1525 2117 1539 2117 1575 2113 1766 2082 1766 2082 1771 2082 1771 2082 1775 2082 1842 2099 1869 2104 1976 2090 2159 2068 2159 2068 2163 2068 2163 2068 2221 2077 2262 2086 2271 2077 2279 2064 2284 2064 2284 2059 2284 2059 2288 2059 2288 2059 2288 2059 2293 2059 2293 2059 2297 2059 2297 2059 2395 2068 2485 2077 2601 2059 2694 2041 2694 2041 2694 2041 3016 2037 3025 2104 3034 2122 3011 2148 3007 2148 3007 2153 3007 2153 3002 2153 3002 2153 3002 2153 2998 2153 2998 2153 2993 2153 2993 2153 2993 2153 2900 2135 1873 2202 1873 2202 638 2233"/></Shape>
	    <String CONTENT="conuersae in arbores fuerunt. Dicebatur etiam Sep"
                    HPOS="620"
                    VPOS="2037"
                    WIDTH="2414"
                    HEIGHT="196"></String>
          </TextLine>

          
          
          <TextLine ID="eSc_line_3b7d9071"
                    TAGREFS="LT85"
                    BASELINE="629 2313 1173 2309 2534 2233 3065 2220" 
                    HPOS="615"
                    VPOS="2126"
                    WIDTH="2450"
                    HEIGHT="214">
            <Shape><Polygon POINTS="629 2313 615 2260 977 2251 990 2238 1012 2220 1012 2220 1017 2220 1017 2220 1021 2220 1021 2220 1021 2220 1026 2220 1026 2220 1030 2220 1030 2220 1030 2220 1061 2233 1079 2242 1289 2238 1351 2220 1409 2202 1414 2202 1414 2202 1418 2202 1418 2202 1494 2211 1579 2220 1691 2197 1775 2184 1775 2184 1780 2184 1780 2184 1851 2189 1963 2202 2030 2180 2061 2171 2065 2171 2065 2171 2065 2171 2070 2171 2070 2171 2128 2175 2239 2189 2257 2171 2257 2166 2262 2166 2262 2162 2262 2162 2266 2162 2266 2162 2266 2162 2271 2162 2271 2162 2275 2162 2275 2162 2275 2162 2279 2162 2297 2166 2351 2184 2730 2144 2739 2144 2739 2144 2744 2144 2748 2144 2989 2153 3047 2126 3065 2220 3060 2238 629 2340"/></Shape>
	    <String CONTENT="tem maria, quoniam ſeptem oſtijs in mare exone¬"
                    HPOS="615"
                    VPOS="2126"
                    WIDTH="2450"
                    HEIGHT="214"></String>
          </TextLine>

          
          
          <TextLine ID="eSc_line_1b3bcd3b"
                    TAGREFS="LT85"
                    BASELINE="624 2416 1240 2407 2297 2336 2935 2322" 
                    HPOS="606"
                    VPOS="2233"
                    WIDTH="2329"
                    HEIGHT="219">
            <Shape><Polygon POINTS="624 2416 606 2358 682 2331 687 2331 687 2331 687 2331 691 2331 1151 2331 1253 2331 1289 2327 1450 2296 1450 2296 1450 2296 1454 2296 1454 2296 1459 2296 1459 2296 1459 2296 1463 2296 1494 2318 1499 2318 1722 2313 1731 2309 1784 2282 1784 2282 1784 2282 1789 2282 1789 2282 1793 2282 1793 2282 1793 2282 1896 2300 1909 2300 1945 2296 2306 2255 2306 2255 2311 2255 2311 2255 2315 2255 2315 2255 2315 2255 2320 2255 2355 2278 2355 2278 2360 2278 2681 2238 2681 2238 2686 2238 2686 2238 2690 2238 2690 2238 2690 2238 2739 2260 2837 2233 2842 2233 2842 2233 2842 2233 2846 2233 2846 2233 2851 2233 2931 2255 2935 2322 2931 2354 2342 2354 2311 2376 2302 2385 2302 2385 2297 2385 2297 2385 2297 2385 2293 2385 2293 2385 2288 2385 2288 2385 2288 2385 2284 2385 2284 2385 2284 2385 2279 2385 2271 2380 2253 2367 2239 2380 2235 2389 2230 2389 2230 2394 2230 2394 2226 2394 2226 2394 2226 2394 2221 2394 2221 2394 2141 2398 2137 2398 2137 2398 2052 2385 1958 2371 1940 2389 1940 2394 1936 2394 1936 2398 1936 2398 1931 2398 1931 2398 1931 2398 1927 2398 1927 2398 1927 2398 1557 2403 1409 2403 1405 2407 1374 2434 1374 2434 1369 2434 1369 2434 1369 2434 1365 2434 1365 2434 1360 2434 1360 2434 1360 2434 1356 2434 1285 2416 1003 2452 1003 2452 999 2452 620 2434"/></Shape>
	    <String CONTENT="rabatur, quae ostia quoniam largius nomebant,"
                    HPOS="606"
                    VPOS="2233"
                    WIDTH="2329"
                    HEIGHT="219"></String>
          </TextLine>

          
          
          <TextLine ID="eSc_line_792c6e90"
                    TAGREFS="LT85"
                    BASELINE="633 2527 1293 2510 3087 2389" 
                    HPOS="620"
                    VPOS="2304"
                    WIDTH="2467"
                    HEIGHT="272">
            <Shape><Polygon POINTS="633 2527 620 2469 1285 2447 1329 2420 1347 2411 1347 2411 1347 2411 1351 2411 1351 2411 1351 2411 1356 2411 1356 2411 1401 2416 1499 2425 1548 2407 1575 2394 1575 2394 1579 2394 1579 2394 1583 2394 1583 2394 1650 2398 1789 2411 1838 2385 1860 2376 1860 2376 1860 2376 1865 2376 1865 2376 1865 2376 1869 2376 1945 2380 2146 2389 2204 2362 2221 2354 2221 2354 2221 2354 2226 2354 2226 2354 2230 2354 2230 2354 2230 2354 2235 2354 2235 2354 2235 2354 2239 2354 2244 2358 2275 2380 2315 2354 2315 2354 2320 2354 2320 2354 2324 2354 2324 2354 2329 2354 2351 2354 2721 2354 2837 2318 2860 2313 2864 2313 2864 2313 2868 2313 2868 2313 2868 2313 2891 2318 2989 2336 3069 2304 3087 2389 3083 2403 2802 2420 2802 2425 2784 2447 2784 2447 2779 2447 2779 2452 2779 2452 2775 2452 2775 2452 2775 2452 2770 2452 2770 2452 2766 2452 2391 2452 2360 2478 2360 2478 2355 2478 2355 2478 2355 2478 2351 2478 2351 2478 2351 2478 2346 2478 2346 2478 2342 2478 2342 2478 2284 2456 2284 2456 2279 2456 2208 2487 2208 2487 2204 2487 2204 2487 2204 2487 2199 2487 2199 2487 2083 2469 2056 2492 2056 2496 2056 2496 2052 2496 2052 2496 2052 2496 2047 2496 2047 2496 2047 2496 2043 2496 2043 2496 1940 2483 1856 2510 1851 2510 1851 2510 1851 2510 1847 2510 1847 2510 1847 2510 1842 2510 1780 2492 1418 2536 1418 2536 1414 2536 1414 2536 1285 2523 1276 2541 1276 2541 1271 2541 1271 2545 1271 2545 1267 2545 1267 2545 1267 2545 1262 2545 1262 2545 1262 2545 1258 2545 1258 2545 1253 2545 1253 2545 1253 2545 1209 2523 1204 2523 1003 2532 999 2536 986 2559 986 2559 981 2559 981 2563 981 2563 977 2563 977 2563 977 2563 972 2563 972 2563 968 2563 968 2563 968 2563 874 2545 870 2545 865 2545 785 2576 785 2576 780 2576 780 2576 776 2576 776 2576 629 2559"/></Shape>
	    <String CONTENT="Septem maria appellata fuere. A Scauro primum"
                    HPOS="620"
                    VPOS="2304"
                    WIDTH="2467"
                    HEIGHT="272"></String>
          </TextLine>

          
          
          <TextLine ID="eSc_line_03521e91"
                    TAGREFS="LT85"
                    BASELINE="633 2639 3034 2518" 
                    HPOS="620"
                    VPOS="2434"
                    WIDTH="2414"
                    HEIGHT="241">
            <Shape><Polygon POINTS="633 2639 620 2576 745 2568 789 2532 789 2532 794 2532 794 2532 798 2532 798 2532 798 2532 803 2532 803 2532 950 2559 963 2559 972 2559 1061 2518 1061 2518 1066 2518 1066 2518 1066 2518 1070 2518 1450 2532 1467 2532 1467 2532 1499 2501 1499 2501 1499 2496 1499 2496 1503 2496 1503 2496 1508 2496 1508 2496 1508 2496 1512 2496 1512 2496 1512 2496 1517 2496 1517 2496 1583 2527 1588 2527 1673 2527 1673 2523 1704 2492 1704 2492 1704 2487 1704 2487 1708 2487 1708 2487 1713 2487 1713 2487 1713 2487 1717 2487 1717 2487 1717 2487 1722 2487 1722 2487 1726 2487 1771 2518 1780 2518 1860 2518 1869 2514 1949 2474 1949 2474 1949 2474 1954 2474 1954 2474 1958 2474 1958 2474 1958 2474 1963 2474 1963 2474 2034 2501 2128 2465 2128 2465 2132 2465 2132 2465 2137 2465 2137 2465 2137 2465 2141 2465 2141 2465 2141 2465 2195 2496 2199 2496 2391 2492 2395 2487 2422 2461 2422 2456 2422 2456 2427 2456 2427 2456 2427 2456 2431 2456 2431 2456 2431 2456 2436 2456 2436 2456 2561 2478 2574 2478 2592 2474 2748 2434 2752 2434 2752 2434 2752 2434 2757 2434 3029 2456 3034 2518 3034 2536 2699 2545 2672 2554 2592 2581 2587 2581 2587 2581 2587 2581 2583 2581 2583 2581 2471 2568 2449 2563 2440 2568 2418 2590 2418 2590 2418 2590 2413 2590 2413 2590 2409 2590 2409 2590 2409 2590 2404 2590 2404 2590 2288 2572 2266 2572 2262 2576 2230 2599 2226 2599 2226 2599 2226 2599 2221 2599 2221 2599 2221 2603 1731 2603 1615 2603 1579 2608 1414 2639 1414 2639 1409 2639 1409 2639 1271 2625 1258 2643 1253 2643 1253 2648 1253 2648 1249 2648 1249 2648 1249 2648 1244 2648 1244 2648 1240 2648 1240 2648 1240 2648 1235 2648 1235 2648 1186 2625 1186 2625 1182 2625 1146 2652 1142 2652 1142 2652 1142 2652 1137 2652 1137 2652 1133 2652 1133 2652 1008 2634 990 2634 954 2639 722 2675 722 2675 718 2675 718 2675 718 2675 629 2652"/></Shape>
	    <String CONTENT="exſiccari cepta, inde à maioribus nostris; pado in"
                    HPOS="620"
                    VPOS="2434"
                    WIDTH="2414"
                    HEIGHT="241"></String>
          </TextLine>

          
          
          <TextLine ID="eSc_line_75f54fe7"
                    TAGREFS="LT85"
                    BASELINE="624 2755 1070 2750 1588 2706 3065 2634" 
                    HPOS="602"
                    VPOS="2554"
                    WIDTH="2463"
                    HEIGHT="236">
            <Shape><Polygon POINTS="624 2755 602 2697 669 2652 673 2652 673 2652 673 2652 678 2652 678 2652 678 2652 682 2652 682 2652 687 2652 687 2652 687 2652 762 2688 838 2657 838 2657 843 2657 843 2657 843 2657 847 2657 847 2657 852 2657 852 2657 852 2657 856 2657 892 2679 1079 2652 1079 2652 1084 2652 1084 2652 1177 2666 1182 2666 1182 2666 1218 2630 1218 2630 1218 2625 1218 2625 1222 2625 1222 2625 1227 2625 1227 2625 1227 2625 1383 2621 1387 2621 1387 2621 1392 2621 1392 2621 1467 2648 1476 2652 1508 2648 1762 2599 1762 2599 1762 2599 1766 2599 1766 2599 1771 2599 1771 2599 1771 2599 1775 2599 1775 2599 1811 2630 1811 2630 1811 2630 1847 2599 1847 2594 1847 2594 1851 2594 1851 2594 1851 2594 1856 2594 1856 2594 1860 2594 1860 2594 2052 2617 2105 2621 2195 2621 2204 2608 2230 2581 2230 2581 2230 2576 2230 2576 2235 2576 2235 2576 2239 2576 2239 2576 2239 2576 2244 2576 2244 2576 2248 2576 2248 2576 2315 2603 2329 2608 2342 2599 2373 2585 2373 2585 2373 2585 2378 2585 2378 2585 2382 2585 2552 2590 2632 2590 2636 2585 2663 2559 2663 2559 2663 2554 2663 2554 2668 2554 2668 2554 2672 2554 2672 2554 2672 2554 2677 2554 2677 2554 2677 2554 2681 2554 2681 2554 2686 2554 2726 2581 2735 2585 3056 2563 3065 2634 3065 2657 2958 2657 2949 2661 2895 2692 2891 2692 2891 2692 2886 2692 2886 2692 2886 2692 2882 2692 2882 2692 2877 2692 2877 2692 2806 2666 2797 2666 2632 2670 2632 2675 2610 2701 2605 2701 2605 2706 2605 2706 2601 2706 2601 2706 2601 2706 2596 2706 2596 2706 2592 2706 2592 2706 2592 2706 2587 2706 2587 2706 2587 2706 2538 2679 2529 2675 2525 2679 2489 2710 2489 2710 2485 2710 2485 2710 2485 2710 2480 2710 2480 2710 2476 2710 2476 2710 2302 2697 2239 2719 2239 2719 2235 2719 2235 2719 2230 2719 2230 2719 2230 2719 2226 2719 2226 2719 2226 2719 2221 2719 2190 2697 2186 2692 2177 2697 2128 2719 2128 2719 2123 2719 2123 2719 2123 2719 2119 2719 1873 2710 1807 2710 1798 2715 1775 2737 1775 2737 1775 2737 1771 2737 1771 2737 1766 2737 1766 2737 1766 2737 1762 2737 1762 2737 1628 2724 1624 2724 1619 2724 1543 2750 1543 2750 1539 2750 1539 2750 1534 2750 1534 2750 1534 2750 1530 2750 1463 2732 1450 2728 1396 2732 986 2786 986 2786 981 2786 981 2786 977 2786 977 2786 923 2764 887 2790 883 2790 883 2790 883 2790 878 2790 878 2790 878 2790 874 2790 620 2768"/></Shape>
	    <String CONTENT="alueis aggeribus munitis deducto. Huius paludis pars"
                    HPOS="602"
                    VPOS="2554"
                    WIDTH="2463"
                    HEIGHT="236"></String>
          </TextLine>

          
          
          <TextLine ID="eSc_line_9668b645"
                    TAGREFS="LT85"
                    BASELINE="629 2871 1119 2866 3047 2732" 
                    HPOS="615"
                    VPOS="2643"
                    WIDTH="2432"
                    HEIGHT="259">
            <Shape><Polygon POINTS="629 2871 615 2817 928 2808 936 2795 950 2777 954 2777 954 2773 954 2773 959 2773 959 2773 959 2773 963 2773 963 2773 968 2773 968 2773 968 2773 972 2773 972 2773 972 2773 1008 2790 1026 2799 1115 2786 1253 2764 1253 2764 1258 2764 1476 2764 1566 2764 1606 2755 1775 2719 1775 2719 1775 2719 1780 2719 1780 2719 1780 2719 1784 2719 1784 2719 1789 2719 1829 2741 1847 2719 1851 2719 1851 2715 1851 2715 1856 2715 1856 2715 1856 2715 1860 2715 1860 2715 2043 2701 2047 2701 2047 2701 2047 2701 2052 2701 2052 2701 2052 2701 2056 2701 2092 2728 2097 2728 2248 2724 2257 2719 2378 2679 2382 2679 2382 2679 2382 2679 2387 2679 2387 2679 2387 2679 2391 2679 2391 2679 2454 2706 2592 2666 2596 2666 2596 2666 2601 2666 2601 2666 2775 2679 2855 2652 2855 2652 2860 2652 2860 2652 2864 2652 2864 2652 2864 2652 2868 2652 2868 2652 2922 2675 2998 2643 2998 2643 3002 2643 3002 2643 3002 2643 3007 2643 3007 2643 3011 2643 3011 2643 3011 2643 3016 2643 3016 2643 3047 2670 3047 2732 3047 2755 629 2902"/></Shape>
	    <String CONTENT="quae ad dexteram padi Volana oſtia eſſicientis est,"
                    HPOS="615"
                    VPOS="2643"
                    WIDTH="2432"
                    HEIGHT="259"></String>
          </TextLine>

          
          
          <TextLine ID="eSc_line_a7ffa29a"
                    TAGREFS="LT85"
                    BASELINE="638 2978 1673 2942 2967 2853" 
                    HPOS="624"
                    VPOS="2773"
                    WIDTH="2343"
                    HEIGHT="258">
            <Shape><Polygon POINTS="638 2978 624 2924 843 2915 843 2911 856 2893 861 2893 861 2889 861 2889 865 2889 865 2889 865 2889 870 2889 870 2889 874 2889 874 2889 874 2889 878 2889 878 2889 919 2906 932 2911 1244 2893 1244 2889 1262 2866 1267 2866 1267 2862 1267 2862 1271 2862 1271 2862 1271 2862 1276 2862 1276 2862 1276 2862 1280 2862 1280 2862 1396 2880 1427 2884 1463 2875 1588 2844 1592 2844 1592 2844 1597 2844 1597 2844 1597 2844 1601 2844 1601 2844 1606 2844 1606 2844 1633 2866 1641 2871 1909 2862 1945 2848 2074 2817 2079 2817 2079 2817 2083 2817 2083 2817 2204 2835 2235 2839 2271 2831 2395 2799 2400 2799 2400 2799 2404 2799 2404 2799 2592 2817 2636 2817 2668 2813 2793 2777 2797 2777 2797 2777 2802 2777 2802 2777 2806 2777 2806 2777 2806 2777 2855 2799 2860 2804 2864 2799 2904 2773 2909 2773 2909 2773 2909 2773 2913 2773 2913 2773 2913 2773 2918 2773 2918 2773 2922 2773 2922 2773 2922 2773 2967 2795 2967 2853 2962 2871 2708 2915 2708 2915 2703 2915 2703 2915 2561 2902 2525 2897 2516 2902 2489 2924 2489 2929 2489 2929 2485 2929 2485 2929 2480 2929 2480 2929 2480 2929 2476 2929 2476 2929 2471 2929 2471 2929 2471 2929 2431 2911 2413 2902 1954 2942 1441 2987 1436 2987 1436 2987 1383 2982 1293 2969 1093 3000 1061 3004 1061 3004 1057 3004 1057 3004 1052 3004 1048 3004 959 2982 816 3018 803 3022 798 3022 798 3022 794 3022 794 3022 794 3022 789 3022 789 3022 785 3022 727 2996 642 3031"/></Shape>
	    <String CONTENT="propio nomine padusa a padoa antiquo padi o"
                    HPOS="624"
                    VPOS="2773"
                    WIDTH="2343"
                    HEIGHT="258"></String>
          </TextLine>

          
          
          <TextLine ID="eSc_line_158d9fb3"
                    TAGREFS="LT85"
                    BASELINE="646 3089 3016 2955" 
                    HPOS="629"
                    VPOS="2875"
                    WIDTH="2387"
                    HEIGHT="259">
            <Shape><Polygon POINTS="646 3089 629 3036 713 3000 713 3000 718 3000 718 3000 718 3000 722 3000 722 3000 722 3000 727 3000 798 3022 798 3022 816 3022 1276 2969 1276 2969 1280 2969 1445 2978 1508 2982 1548 2973 1619 2951 1624 2951 1624 2951 1624 2951 1628 2951 1740 2960 1824 2964 2132 2951 2181 2929 2217 2915 2217 2915 2221 2915 2221 2915 2226 2915 2369 2915 2614 2920 2748 2915 2775 2889 2779 2884 2779 2884 2784 2884 2784 2884 2784 2884 2788 2884 2788 2884 2793 2884 2793 2884 2793 2884 2815 2884 2895 2902 2998 2875 3016 2955 3016 2973 2543 3027 2543 3027 2538 3027 2391 3018 2311 3013 2248 3027 2195 3040 2190 3040 2190 3040 2186 3040 2186 3040 2141 3036 2088 3027 2079 3040 2070 3049 2065 3049 2065 3053 2065 3053 2061 3053 2061 3053 2061 3053 2056 3053 2056 3053 2052 3053 1860 3053 1664 3053 1557 3076 1494 3085 1494 3085 1494 3085 1490 3085 1441 3080 1311 3071 1227 3098 1204 3103 1200 3103 1200 3103 1195 3103 1124 3103 807 3098 646 3134"/></Shape>
	    <String CONTENT="ſtio nuncupabatur, Messanicus etiam ( quanuis ali"
                    HPOS="629"
                    VPOS="2875"
                    WIDTH="2387"
                    HEIGHT="259"></String>
          </TextLine>

          
          
          <TextLine ID="eSc_line_afb871b5"
                    TAGREFS="LT85"
                    BASELINE="642 3187 3038 3076" 
                    HPOS="629"
                    VPOS="2991"
                    WIDTH="2409"
                    HEIGHT="241">
            <Shape><Polygon POINTS="642 3187 629 3125 762 3094 762 3094 762 3094 767 3094 767 3094 771 3094 771 3094 771 3094 816 3116 816 3116 820 3116 870 3089 870 3089 870 3089 874 3089 874 3089 878 3089 878 3089 878 3089 968 3107 968 3107 972 3107 1003 3080 1003 3076 1003 3076 1008 3076 1008 3076 1012 3076 1012 3076 1012 3076 1017 3076 1017 3076 1021 3076 1021 3076 1021 3076 1026 3076 1026 3076 1057 3103 1061 3103 1271 3098 1280 3094 1320 3067 1325 3067 1325 3067 1329 3067 1329 3067 1329 3067 1334 3067 1334 3067 1338 3067 1338 3067 1338 3067 1343 3067 1343 3067 1343 3071 1365 3089 1365 3089 1534 3085 1539 3080 1579 3049 1579 3049 1583 3049 1583 3049 1588 3049 1588 3049 1588 3049 1592 3049 1592 3049 1592 3049 1597 3049 1597 3049 1655 3076 1682 3049 1682 3045 1682 3045 1686 3045 1686 3045 1686 3045 1691 3045 1691 3045 1695 3045 1695 3045 1829 3058 1865 3036 1869 3036 1869 3036 1873 3036 1873 3036 1873 3036 1878 3036 1878 3036 2039 3058 2056 3058 2079 3053 2257 3018 2257 3018 2257 3018 2262 3018 2516 3036 2547 3036 2806 3027 2806 3022 2828 2996 2833 2996 2833 2991 2833 2991 2837 2991 2837 2991 2837 2991 2842 2991 2842 2991 2846 2991 2846 2991 3034 3013 3038 3076 3034 3098 2895 3094 2846 3107 2752 3138 2748 3138 2748 3138 2748 3138 2744 3138 2538 3120 2467 3116 2445 3125 2369 3156 2369 3156 2364 3156 2364 3156 2364 3156 2360 3156 2360 3156 2360 3156 2257 3134 2253 3134 1749 3143 1740 3152 1704 3183 1704 3187 1704 3187 1699 3187 1699 3187 1695 3187 1695 3187 1695 3187 1691 3187 1691 3187 1686 3187 1686 3187 1615 3160 1512 3196 1508 3196 1508 3196 1508 3196 1503 3196 1503 3196 1503 3196 1499 3196 1418 3165 1409 3165 1401 3169 1343 3196 1343 3196 1343 3196 1338 3196 1338 3196 1334 3196 1124 3187 834 3227 834 3227 829 3227 829 3227 825 3227 825 3227 825 3227 776 3205 691 3232 687 3232 687 3232 687 3232 682 3232 682 3232 678 3232 678 3232 678 3232 673 3232 629 3201"/></Shape>
	    <String CONTENT="qui Messanicum apud plinium intelligant angustam"
                    HPOS="629"
                    VPOS="2991"
                    WIDTH="2409"
                    HEIGHT="241"></String>
          </TextLine>

          
          
          <TextLine ID="eSc_line_13374798"
                    TAGREFS="LT85"
                    BASELINE="638 3303 1057 3299 1762 3241 3060 3192" 
                    HPOS="615"
                    VPOS="3107"
                    WIDTH="2445"
                    HEIGHT="241">
            <Shape><Polygon POINTS="638 3303 615 3245 678 3201 682 3201 682 3201 682 3201 687 3201 687 3201 687 3201 691 3201 691 3201 883 3232 1160 3223 1218 3178 1222 3178 1222 3178 1222 3178 1227 3178 1227 3178 1227 3178 1231 3178 1231 3178 1231 3178 1360 3210 1396 3174 1396 3174 1396 3169 1396 3169 1401 3169 1401 3169 1401 3169 1405 3169 1405 3169 1409 3169 2003 3169 2030 3147 2030 3143 2030 3143 2034 3143 2034 3143 2034 3143 2039 3143 2039 3143 2168 3134 2172 3134 2172 3134 2172 3134 2177 3134 2266 3160 2494 3156 2534 3125 2538 3125 2538 3125 2538 3125 2543 3125 2543 3125 2547 3125 2547 3125 2757 3147 2882 3107 2886 3107 2886 3107 2886 3107 2891 3107 2891 3107 3056 3138 3060 3192 3051 3236 2944 3210 2632 3259 2610 3259 2610 3259 2605 3259 2605 3259 2601 3259 2596 3259 2507 3232 2476 3259 2476 3263 2476 3263 2471 3263 2471 3263 2471 3263 2467 3263 2467 3263 2467 3263 2462 3263 2462 3263 2462 3263 2217 3241 1628 3263 1450 3308 1450 3308 1450 3308 1445 3308 1445 3308 1441 3308 1351 3285 1311 3312 1307 3312 1307 3312 1307 3312 1302 3312 1302 3312 794 3339 789 3339 789 3339 785 3339 785 3339 785 3339 736 3317 642 3348"/></Shape>
	    <String CONTENT="fossam a pado ad Rhauennam deductam, Caput Kraei,"
                    HPOS="615"
                    VPOS="3107"
                    WIDTH="2445"
                    HEIGHT="241"></String>
          </TextLine>

          
          
          <TextLine ID="eSc_line_646b3b97"
                    TAGREFS="LT85"
                    BASELINE="649 3430 2110 3330 2940 3303" 
                    HPOS="633"
                    VPOS="3232"
                    WIDTH="2302"
                    HEIGHT="209">
            <Shape><Polygon POINTS="646 3428 633 3366 856 3325 856 3325 861 3325 861 3325 861 3325 959 3343 986 3348 1030 3339 1222 3303 1222 3303 1227 3303 1227 3303 1227 3303 1231 3303 1231 3303 1280 3325 1285 3325 1423 3317 1641 3303 1655 3281 1659 3281 1659 3276 1659 3276 1664 3276 1664 3276 1664 3276 1668 3276 1668 3276 1668 3276 2293 3263 2306 3241 2311 3241 2311 3236 2311 3236 2315 3236 2315 3236 2315 3236 2320 3236 2320 3236 2324 3236 2324 3236 2324 3236 2431 3259 2445 3259 2922 3232 2935 3299 2931 3312 646 3441"/></Shape>
	    <String CONTENT="et Fossam Rhauennae iam appellatam.) nunc uero"
                    HPOS="633"
                    VPOS="3232"
                    WIDTH="2302"
                    HEIGHT="209"></String>
          </TextLine>

          
          
          <TextLine ID="eSc_line_519bff2c"
                    TAGREFS="LT85"
                    BASELINE="659 3539 1936 3441 3100 3397" 
                    HPOS="651"
                    VPOS="3294"
                    WIDTH="2445"
                    HEIGHT="268">
            <Shape><Polygon POINTS="655 3535 651 3441 731 3464 1155 3441 1177 3415 1186 3406 1186 3406 1186 3401 1186 3401 1191 3401 1191 3401 1191 3401 1195 3401 1195 3401 1200 3401 1200 3401 1200 3401 1204 3401 1235 3410 1298 3428 1365 3401 1405 3388 1405 3388 1409 3388 1409 3388 1414 3388 1414 3388 1414 3388 1476 3397 1548 3410 1731 3383 1931 3357 1931 3357 1936 3357 2105 3366 2213 3370 2235 3361 2257 3343 2262 3343 2262 3343 2266 3343 2266 3343 2266 3343 2271 3343 2271 3343 2337 3352 2378 3361 2387 3352 2395 3334 2400 3334 2400 3334 2400 3330 2400 3330 2404 3330 2404 3330 2404 3330 2409 3330 2409 3330 2413 3330 2413 3330 2534 3343 2610 3352 2641 3339 2659 3330 2659 3330 2659 3330 2663 3330 2663 3330 2663 3330 2668 3330 2735 3334 2824 3339 2846 3325 2868 3312 2873 3312 2873 3312 2873 3312 2877 3312 2877 3312 2882 3312 2882 3312 2882 3312 2940 3321 2971 3330 2980 3321 3002 3299 3002 3299 3002 3294 3002 3294 3007 3294 3007 3294 3007 3294 3011 3294 3011 3294 3016 3294 3016 3294 3016 3294 3020 3294 3092 3317 3096 3392 3096 3415 1633 3473 655 3562"/></Shape>
	    <String CONTENT="haec pars diuiditur in Vallibus Maletti, ſeu Mal¬"
                    HPOS="651"
                    VPOS="3294"
                    WIDTH="2445"
                    HEIGHT="268"></String>
          </TextLine>

          
          
          <TextLine ID="eSc_line_c9947f9d"
                    TAGREFS="LT85"
                    BASELINE="651 3633 1066 3629 1347 3588 2074 3544 3016 3517" 
                    HPOS="638"
                    VPOS="3424"
                    WIDTH="2387"
                    HEIGHT="236">
            <Shape><Polygon POINTS="651 3633 638 3557 745 3522 749 3522 749 3522 749 3522 754 3522 754 3522 758 3522 758 3522 758 3522 762 3522 762 3522 789 3544 905 3517 905 3517 905 3517 910 3517 910 3517 1048 3535 1293 3490 1293 3490 1298 3490 1298 3490 1298 3490 1441 3517 1476 3486 1476 3481 1476 3481 1481 3481 1481 3481 1481 3481 1485 3481 1485 3481 1490 3481 1490 3481 1490 3481 1494 3481 1494 3481 1557 3508 1583 3481 1583 3477 1583 3477 1588 3477 1588 3477 1588 3477 1592 3477 1592 3477 1597 3477 1686 3477 1686 3477 1686 3477 1691 3477 1691 3477 1691 3477 1695 3477 1731 3504 1766 3473 1766 3473 1771 3473 1771 3473 1771 3473 1775 3473 1775 3473 1780 3473 1780 3473 1780 3473 1900 3495 1963 3464 1963 3464 1963 3464 1967 3464 1967 3464 2132 3455 2137 3455 2137 3455 2137 3455 2141 3455 2217 3481 2320 3446 2320 3446 2324 3446 2324 3446 2329 3446 2329 3446 2525 3473 2525 3473 2529 3473 2726 3441 2726 3441 2730 3441 2730 3441 2730 3441 2846 3459 2904 3424 2909 3424 2909 3424 2909 3424 2913 3424 2913 3424 2918 3424 2918 3424 2918 3424 2922 3424 3016 3455 3016 3517 3025 3535 2967 3580 2967 3580 2962 3580 2962 3580 2962 3580 2958 3580 2958 3580 2953 3580 2953 3580 2953 3580 2949 3580 2949 3580 2944 3580 2882 3539 2873 3535 2864 3539 2833 3557 2833 3557 2833 3557 2828 3557 2828 3557 2824 3557 2610 3553 2351 3548 2302 3571 2284 3575 2284 3575 2279 3575 2279 3575 2279 3575 2275 3575 2275 3575 2271 3575 2271 3575 2271 3575 2262 3571 2226 3553 2199 3575 2186 3584 2186 3584 2181 3584 2181 3584 2177 3584 2177 3584 2177 3584 2172 3584 2172 3584 2172 3584 2168 3584 2168 3584 2163 3584 2163 3584 2163 3584 2155 3575 2132 3557 1989 3584 1976 3584 1976 3584 1976 3584 1972 3584 1958 3584 1807 3575 1757 3593 1699 3620 1699 3620 1695 3620 1695 3620 1695 3620 1691 3620 1691 3620 1686 3620 1686 3620 1686 3620 1646 3602 1624 3588 1534 3606 1476 3615 1476 3615 1472 3615 1472 3615 1472 3615 1467 3615 1467 3615 1454 3611 1423 3597 1365 3615 1298 3633 1293 3633 1293 3633 1289 3633 1115 3633 1079 3660 1079 3660 1075 3660 1075 3660 1075 3660 1070 3660 1070 3660 1066 3660 646 3646"/></Shape>
	    <String CONTENT="alberghi, Tedi, Dioli, Marariae, Marimortae Cy"
                    HPOS="638"
                    VPOS="3424"
                    WIDTH="2387"
                    HEIGHT="236"></String>
          </TextLine>

          
          
          <TextLine ID="eSc_line_20510b48"
                    TAGREFS="LT85"
                    BASELINE="655 3740 1981 3678 2516 3624 3065 3615" 
                    HPOS="633"
                    VPOS="3526"
                    WIDTH="2432"
                    HEIGHT="227">
            <Shape><Polygon POINTS="655 3740 633 3682 660 3655 660 3651 660 3651 664 3651 664 3651 664 3651 669 3651 669 3651 673 3651 673 3651 803 3664 834 3633 834 3633 834 3629 834 3629 838 3629 838 3629 843 3629 843 3629 843 3629 847 3629 847 3629 852 3629 963 3655 999 3624 999 3624 1003 3624 1003 3624 1003 3624 1008 3624 1008 3624 1012 3624 1012 3624 1012 3624 1017 3624 1017 3624 1017 3624 1021 3624 1021 3624 1048 3646 1351 3642 1383 3606 1383 3606 1383 3602 1383 3602 1387 3602 1387 3602 1387 3602 1392 3602 1392 3602 1396 3602 1396 3602 1396 3602 1508 3624 2083 3606 2172 3562 2172 3562 2177 3562 2177 3562 2177 3562 2181 3562 2181 3562 2181 3562 2186 3562 2186 3562 2186 3562 2239 3593 2279 3557 2279 3557 2284 3557 2284 3557 2284 3557 2288 3557 2288 3557 2293 3557 2752 3557 2891 3526 2891 3526 2891 3526 2895 3526 2895 3526 2895 3526 2900 3526 2900 3526 2904 3526 2904 3526 2944 3557 3011 3535 3016 3535 3016 3535 3016 3535 3020 3535 3020 3535 3020 3535 3025 3535 3025 3535 3025 3535 3065 3557 3065 3615 3065 3637 655 3753"/></Shape>
	    <String CONTENT="mach etiam Pars uero, quae ad ſinistram padiri"
                    HPOS="633"
                    VPOS="3526"
                    WIDTH="2432"
                    HEIGHT="227"></String>
          </TextLine>

          
          
          <TextLine ID="eSc_line_7367e2a2"
                    TAGREFS="LT85"
                    BASELINE="655 3829 3092 3718" 
                    HPOS="646"
                    VPOS="3651"
                    WIDTH="2446"
                    HEIGHT="223">
            <Shape><Polygon POINTS="655 3829 646 3771 936 3758 936 3758 950 3736 954 3736 954 3731 954 3731 959 3731 959 3731 959 3731 963 3731 963 3731 968 3731 968 3731 1124 3744 1142 3722 1146 3722 1146 3718 1146 3718 1151 3718 1151 3718 1155 3718 1155 3718 1155 3718 1160 3718 1409 3731 1427 3709 1432 3709 1432 3704 1432 3704 1436 3704 1436 3704 1436 3704 1441 3704 1441 3704 1445 3704 1445 3704 1445 3704 1450 3704 1512 3722 1789 3718 1815 3691 1815 3687 1815 3687 1820 3687 1820 3687 1820 3687 1824 3687 1824 3687 1824 3687 1829 3687 1829 3687 1833 3687 1833 3687 1891 3709 1914 3687 1914 3682 1914 3682 1918 3682 1918 3682 1918 3682 1923 3682 1923 3682 1923 3682 1927 3682 1927 3682 1931 3682 1931 3682 1931 3682 1936 3682 1972 3704 2266 3695 2302 3664 2302 3664 2306 3664 2306 3664 2306 3664 2311 3664 2311 3664 2315 3664 2315 3664 2315 3664 2320 3664 2387 3682 2605 3651 2605 3651 2610 3651 3087 3660 3092 3718 3092 3749 2360 3762 2056 3802 1985 3811 1985 3811 1981 3811 1940 3811 1740 3794 1597 3829 1583 3829 1583 3829 1583 3829 1579 3829 1561 3829 1338 3811 968 3860 950 3860 950 3860 945 3860 945 3860 945 3860 941 3860 941 3860 856 3834 843 3856 843 3856 838 3856 838 3860 838 3860 834 3860 834 3860 834 3860 829 3860 829 3860 655 3874"/></Shape>
	    <String CONTENT="pam est, olim Septem maria proprie dicebatur, nunc"
                    HPOS="646"
                    VPOS="3651"
                    WIDTH="2446"
                    HEIGHT="223"></String>
          </TextLine>

          
          
          <TextLine ID="eSc_line_35a0d7b0"
                    TAGREFS="LT85"
                    BASELINE="651 3918 3020 3834" 
                    HPOS="638"
                    VPOS="3771"
                    WIDTH="2382"
                    HEIGHT="183">
            <Shape><Polygon POINTS="651 3918 638 3856 1084 3843 1088 3838 1128 3811 1133 3811 1133 3811 1133 3811 1137 3811 1137 3811 1142 3811 1142 3811 1142 3811 1240 3834 1258 3834 1289 3829 1508 3798 1508 3798 1512 3798 1512 3798 1512 3798 1610 3820 1615 3820 1615 3820 1633 3798 1637 3798 1637 3794 1637 3794 1641 3794 1641 3794 1641 3794 1646 3794 1646 3794 1650 3794 1949 3807 1998 3807 2239 3802 2239 3798 2257 3776 2262 3776 2262 3771 2262 3771 2266 3771 2266 3771 2266 3771 2271 3771 2271 3771 2275 3771 3011 3771 3020 3834 3011 3874 2891 3851 2690 3883 2681 3883 2681 3883 2677 3883 2677 3883 2677 3883 2672 3883 2672 3883 2672 3883 2672 3883 2668 3883 2668 3883 2668 3878 2659 3869 2650 3883 2645 3883 2645 3883 2645 3887 2645 3887 2641 3887 2641 3887 2641 3887 2636 3887 2636 3887 2632 3887 2516 3887 2039 3883 1891 3905 1807 3914 1807 3914 1802 3914 1802 3914 1802 3914 1798 3914 1798 3914 1793 3914 1793 3914 1784 3905 1766 3892 1708 3909 1650 3923 1646 3923 1646 3923 1641 3923 1641 3923 1641 3923 1637 3923 1637 3923 1633 3923 1615 3909 1592 3901 1401 3901 1365 3914 1320 3932 1320 3932 1316 3932 1316 3932 1311 3932 932 3927 861 3927 847 3927 758 3954 754 3954 754 3954 749 3954 749 3954 749 3954 646 3932"/></Shape>
	    <String CONTENT="uero Malea, Valles Pomposianiae, ⟦Adriani⟧ Ariani,"
                    HPOS="638"
                    VPOS="3771"
                    WIDTH="2382"
                    HEIGHT="183"></String>
          </TextLine>

          
          
          <TextLine ID="eSc_line_88d3bdbb"
                    TAGREFS="LT85"
                    BASELINE="651 4034 3007 3941" 
                    HPOS="638"
                    VPOS="3865"
                    WIDTH="2369"
                    HEIGHT="183">
            <Shape><Polygon POINTS="651 4034 638 3967 847 3963 852 3958 883 3932 883 3927 883 3927 887 3927 887 3927 892 3927 892 3927 892 3927 896 3927 896 3927 896 3927 901 3927 901 3927 905 3927 945 3954 950 3954 972 3954 1164 3923 1164 3923 1168 3923 1168 3923 1285 3941 1302 3941 1316 3936 1414 3905 1418 3905 1418 3905 1418 3905 1423 3905 1423 3905 1423 3905 1427 3905 1427 3905 1432 3905 1472 3932 1521 3901 1525 3901 1525 3901 1525 3901 1530 3901 1530 3901 1534 3901 1534 3901 1534 3901 1641 3923 1762 3901 1762 3901 1766 3901 1766 3901 1766 3901 1851 3918 1856 3918 1860 3918 1891 3892 1891 3887 1891 3887 1896 3887 1896 3887 1900 3887 1900 3887 1900 3887 1905 3887 2271 3896 2306 3869 2306 3869 2311 3869 2311 3869 2311 3869 2315 3869 2315 3869 2320 3869 2320 3869 2320 3869 2324 3869 2324 3869 2391 3896 2418 3869 2418 3865 2418 3865 2422 3865 2422 3865 2422 3865 2427 3865 2427 3865 2427 3865 2431 3865 2431 3865 2570 3887 2574 3887 2993 3874 3007 3941 3002 3958 651 4048"/></Shape>
	    <String CONTENT="quae ſunt Pandaſiae, et Mazorni; Adriae etiam"
                    HPOS="638"
                    VPOS="3865"
                    WIDTH="2369"
                    HEIGHT="183"></String>
          </TextLine>

          
          
          <TextLine ID="eSc_line_72bd04d6"
                    TAGREFS="LT85"
                    BASELINE="651 4137 1463 4123 1976 4074 3141 4034" 
                    HPOS="638"
                    VPOS="3950"
                    WIDTH="2503"
                    HEIGHT="200">
            <Shape><Polygon POINTS="651 4137 638 4079 807 4034 812 4034 812 4034 816 4034 816 4034 820 4034 820 4034 820 4034 883 4065 887 4065 1119 4061 1128 4052 1155 4030 1155 4025 1155 4025 1160 4025 1160 4025 1164 4025 1164 4025 1164 4025 1168 4025 1168 4025 1173 4025 1173 4025 1173 4025 1177 4025 1209 4048 1218 4052 1240 4048 1311 4025 1316 4025 1316 4025 1316 4025 1320 4025 1320 4025 1325 4025 1325 4025 1325 4025 1329 4025 1351 4039 1369 4048 1650 4043 1905 4012 2146 3985 2146 3985 2150 3985 2150 3985 2155 3985 2190 3999 2226 4008 2253 3994 2262 3985 2266 3985 2266 3985 2271 3985 2271 3985 2271 3985 2275 3985 2275 3985 2315 3990 2382 3999 2654 3972 2766 3963 2770 3963 2770 3963 2770 3963 2788 3967 2882 3985 3132 3950 3141 4034 3141 4048 3056 4088 3056 4088 3056 4088 3051 4088 3051 4088 3047 4088 3047 4088 3047 4088 2895 4057 2877 4057 2739 4065 2293 4097 2288 4097 2288 4097 2190 4088 2132 4083 2128 4092 2119 4101 2114 4101 2114 4106 2114 4106 2110 4106 2110 4106 2110 4106 2105 4106 2105 4106 2101 4106 2101 4106 2101 4106 2097 4106 2056 4092 2030 4088 1963 4097 1717 4137 1717 4137 1717 4137 651 4150"/></Shape>
	    <String CONTENT="ualles, et forestus, et quae cum his enumerantur. Ex"
                    HPOS="638"
                    VPOS="3950"
                    WIDTH="2503"
                    HEIGHT="200"></String>
          </TextLine>

          
          
          <TextLine ID="eSc_line_f3364692"
                    TAGREFS="LT85"
                    BASELINE="660 4257 2726 4141 3145 4141" 
                    HPOS="642"
                    VPOS="4030"
                    WIDTH="2503"
                    HEIGHT="258">
            <Shape><Polygon POINTS="660 4257 642 4195 812 4146 816 4146 816 4146 820 4146 820 4146 820 4146 977 4173 1066 4141 1066 4141 1070 4141 1070 4141 1070 4141 1075 4141 1075 4141 1191 4159 1235 4123 1235 4123 1240 4123 1240 4123 1240 4123 1244 4123 1244 4123 1244 4123 1249 4123 1249 4123 1253 4123 1369 4150 1490 4146 1543 4146 1543 4141 1583 4110 1583 4106 1583 4106 1588 4106 1588 4106 1592 4106 1592 4106 1592 4106 1597 4106 1597 4106 1601 4106 1691 4128 1762 4097 1762 4097 1766 4097 1766 4097 1766 4097 1771 4097 1771 4097 1771 4097 1775 4097 1775 4097 1780 4097 1780 4097 1780 4101 1811 4128 1909 4088 1909 4088 1914 4088 1914 4088 1918 4088 1918 4088 1918 4088 1923 4088 1923 4088 1927 4088 1972 4115 2052 4079 2052 4079 2056 4079 2056 4079 2061 4079 2061 4079 2293 4101 2302 4101 2302 4101 2382 4061 2382 4061 2382 4061 2387 4061 2387 4061 2391 4061 2391 4061 2391 4061 2516 4083 2538 4057 2543 4057 2543 4052 2543 4052 2547 4052 2547 4052 2547 4052 2552 4052 2552 4052 2556 4052 2556 4052 2556 4052 2561 4052 2650 4079 2735 4052 2739 4052 2739 4052 2739 4052 2744 4052 2931 4061 3011 4030 3011 4030 3016 4030 3016 4030 3020 4030 3020 4030 3020 4030 3145 4057 3145 4141 3145 4159 1923 4199 1873 4217 1820 4235 1815 4235 1815 4235 1815 4235 1811 4235 1811 4235 1726 4226 1659 4217 1588 4230 1485 4253 1485 4253 1485 4253 1481 4253 1262 4244 1177 4244 1151 4253 1070 4275 1066 4275 1066 4275 1066 4275 1061 4275 1061 4275 1057 4275 1057 4275 1008 4257 999 4253 994 4257 981 4275 977 4275 977 4280 977 4280 972 4280 972 4280 972 4280 968 4280 968 4280 807 4288 803 4288 803 4288 655 4271"/></Shape>
	    <String CONTENT="polybio, Strabone, Plinio, Herodiano, Blondo, prisciano"
                    HPOS="642"
                    VPOS="4030"
                    WIDTH="2503"
                    HEIGHT="258"></String>
          </TextLine>

          
          
          <TextLine ID="eSc_line_19d4b0b6"
                    TAGREFS="LT85"
                    BASELINE="660 4369 936 4360" 
                    HPOS="660"
                    VPOS="4266"
                    WIDTH="276"
                    HEIGHT="138">
            <Shape><Polygon POINTS="660 4369 660 4266 762 4306 928 4306 936 4360 936 4373 660 4404"/></Shape>
	    <String CONTENT="Iouio."
                    HPOS="660"
                    VPOS="4266"
                    WIDTH="276"
                    HEIGHT="138"></String>
          </TextLine>

          
          
          <TextLine ID="eSc_line_55fda310"
                    TAGREFS="LT85"
                    BASELINE="410 4467 812 4458 2699 4320 3079 4322" 
                    HPOS="379"
                    VPOS="4239"
                    WIDTH="2699"
                    HEIGHT="272">
            <Shape><Polygon POINTS="406 4462 379 4413 406 4382 410 4382 410 4378 410 4378 414 4378 414 4378 414 4378 419 4378 419 4378 530 4369 535 4369 535 4369 535 4369 539 4369 624 4395 638 4400 852 4391 856 4382 870 4364 874 4364 874 4360 874 4360 878 4360 878 4360 883 4360 883 4360 1124 4329 1124 4329 1128 4329 1128 4329 1298 4351 1316 4355 1325 4351 1378 4311 1378 4311 1383 4311 1383 4311 1387 4311 1387 4311 1387 4311 1392 4311 1392 4311 1392 4311 1396 4311 1481 4342 1481 4342 1485 4342 1508 4320 1508 4315 1508 4315 1512 4315 1512 4315 1512 4315 1517 4315 1517 4315 1517 4315 1521 4315 1521 4315 1619 4333 1628 4333 1633 4333 1664 4297 1664 4297 1664 4293 1664 4293 1668 4293 1668 4293 1673 4293 1673 4293 1673 4293 1677 4293 1677 4293 1682 4293 1682 4293 1762 4324 1766 4324 1771 4324 1838 4280 1842 4280 1842 4280 1842 4280 1847 4280 1847 4280 1851 4280 1851 4280 1851 4280 1856 4280 1949 4311 1954 4311 1954 4311 1981 4288 1981 4288 1985 4288 1985 4288 1985 4288 1989 4288 1989 4288 1994 4288 1994 4288 2101 4297 2137 4266 2137 4262 2137 4262 2141 4262 2141 4262 2141 4262 2146 4262 2146 4262 2150 4262 2150 4262 2150 4262 2155 4262 2155 4262 2155 4262 2213 4293 2213 4293 3069 4239 3078 4320 3069 4337 2703 4337 2686 4360 2681 4360 2681 4360 2681 4364 2681 4364 2677 4364 2677 4364 2677 4364 2672 4364 2672 4364 2668 4364 2668 4364 2668 4364 2654 4364 2583 4346 2534 4369 2516 4378 2516 4378 2516 4378 2512 4378 2512 4378 2507 4378 2507 4378 2503 4378 2480 4373 2409 4355 2302 4382 2253 4395 2248 4395 2248 4395 2244 4395 2159 4391 1985 4382 1931 4404 1900 4418 1900 4418 1896 4418 1896 4418 1896 4418 1891 4418 1891 4418 1824 4409 1740 4400 1717 4418 1713 4422 1713 4422 1708 4422 1708 4422 1708 4422 1704 4422 1704 4422 1704 4422 1699 4422 1699 4422 1699 4422 1677 4418 1633 4409 1615 4422 1597 4436 1597 4440 1597 4440 1592 4440 1592 4440 1592 4440 1588 4440 1588 4440 1583 4440 1583 4440 1583 4440 1579 4440 1579 4440 1543 4427 1525 4418 1503 4427 1463 4449 1463 4449 1463 4449 1459 4449 1459 4449 1454 4449 1164 4449 1021 4449 1008 4458 990 4476 990 4476 990 4476 986 4476 986 4476 981 4476 981 4476 981 4476 977 4476 977 4476 972 4476 919 4462 896 4458 878 4462 807 4494 807 4494 803 4494 803 4494 803 4494 798 4494 798 4494 794 4494 794 4494 740 4476 539 4511 539 4511 539 4511 535 4511 535 4511 530 4511 530 4511 530 4511 526 4511 490 4485 486 4485 406 4489"/></Shape>
	    <String CONTENT="4 Paeones Thraciae populi, ab alijs creduntur esse pannonij,"
                    HPOS="379"
                    VPOS="4239"
                    WIDTH="2699"
                    HEIGHT="272"></String>
          </TextLine>

          
          
          <TextLine ID="eSc_line_db723e9c"
                    TAGREFS="LT85"
                    BASELINE="660 4556 2650 4418 3127 4409" 
                    HPOS="642"
                    VPOS="4333"
                    WIDTH="2485"
                    HEIGHT="241">
            <Shape><Polygon POINTS="660 4556 642 4498 713 4467 713 4467 718 4467 718 4467 718 4467 722 4467 722 4467 722 4467 727 4467 780 4485 847 4458 847 4458 852 4458 852 4458 852 4458 856 4458 1115 4462 1182 4436 1182 4436 1186 4436 1186 4436 1186 4436 1191 4436 1383 4444 1722 4400 1722 4400 1726 4400 1726 4400 1726 4400 1731 4400 1789 4418 2235 4391 2248 4391 2248 4391 2262 4369 2266 4369 2266 4364 2266 4364 2271 4364 2271 4364 2271 4364 2275 4364 2275 4364 2275 4364 2279 4364 2279 4364 2284 4364 2284 4364 2284 4364 2324 4382 2387 4355 2387 4355 2391 4355 2391 4355 2391 4355 3114 4333 3127 4409 3127 4422 660 4574"/></Shape>
	    <String CONTENT="ab Homeri Inter prete Macedones. Strabo autem Paeo¬"
                    HPOS="642"
                    VPOS="4333"
                    WIDTH="2485"
                    HEIGHT="241"></String>
          </TextLine>

          
          
          <TextLine ID="eSc_line_43ac12d1"
                    TAGREFS="LT85"
                    BASELINE="664 4645 1659 4601 1735 4569 2177 4529 3141 4507" 
                    HPOS="651"
                    VPOS="4418"
                    WIDTH="2485"
                    HEIGHT="236">
            <Shape><Polygon POINTS="660 4641 651 4569 874 4560 878 4556 919 4520 919 4516 919 4516 923 4516 923 4516 923 4516 928 4516 928 4516 932 4516 932 4516 932 4516 936 4516 936 4516 1017 4547 1017 4547 1557 4534 1575 4520 1650 4471 1655 4471 1655 4471 1655 4471 1659 4471 1659 4471 1664 4471 1664 4471 1664 4471 1668 4471 1668 4471 1749 4502 1793 4471 1798 4471 1798 4471 1798 4471 1802 4471 1802 4471 1802 4471 1807 4471 1985 4485 2025 4453 2025 4453 2030 4453 2030 4453 2030 4453 2034 4453 2034 4453 2039 4453 2039 4453 2039 4453 2137 4471 2431 4440 2431 4440 2436 4440 2436 4440 2440 4440 2440 4440 2440 4440 2445 4440 2445 4440 2476 4462 2953 4418 2953 4418 2958 4418 2958 4418 3127 4444 3136 4502 3136 4529 2400 4543 2364 4569 2351 4583 2351 4583 2346 4583 2346 4583 2342 4583 2342 4583 2342 4583 2337 4583 2337 4583 2279 4574 2168 4556 2105 4583 2056 4605 2056 4605 2052 4605 2052 4605 2052 4605 2047 4605 2047 4605 1954 4592 1820 4569 1744 4601 1695 4623 1695 4623 1691 4623 1691 4623 1691 4623 660 4654"/></Shape>
	    <String CONTENT="nas collocat inter Illyrium, Istrum, Macedonum, Thra"
                    HPOS="651"
                    VPOS="4418"
                    WIDTH="2485"
                    HEIGHT="236"></String>
          </TextLine>

          
          
          <TextLine ID="eSc_line_9886e634"
                    TAGREFS="LT85"
                    BASELINE="673 4730 1392 4708" 
                    HPOS="664"
                    VPOS="4654"
                    WIDTH="728"
                    HEIGHT="94">
            <Shape><Polygon POINTS="673 4730 664 4676 1378 4654 1392 4708 1387 4725 673 4748"/></Shape>
	    <String CONTENT="cum q. montes."
                    HPOS="664"
                    VPOS="4654"
                    WIDTH="728"
                    HEIGHT="94"></String>
          </TextLine>

          
        </TextBlock>
        
        <TextBlock HPOS="2234"
                   VPOS="572"
                   WIDTH="260"
                   HEIGHT="103"
                   ID="eSc_textblock_13b6713a"
                   TAGREFS="BT98">
          <Shape><Polygon POINTS="2234 586 2251 675 2494 658 2494 572"/></Shape>
          
        </TextBlock>
        
        <TextBlock HPOS="578"
                   VPOS="617"
                   WIDTH="1091"
                   HEIGHT="128"
                   ID="eSc_textblock_6c7dc60b"
                   TAGREFS="BT101">
          <Shape><Polygon POINTS="578 617 578 745 1669 745 1669 617"/></Shape>
          
        </TextBlock>
        

        
      </PrintSpace>
    </Page>
  </Layout>
</alto>
