<?xml version="1.0" encoding="UTF-8"?>
<alto xmlns:xsi="http://www.w3.org/2001/XMLSchema-instance"
      xmlns="http://www.loc.gov/standards/alto/ns-v4#"
      xsi:schemaLocation="http://www.loc.gov/standards/alto/ns-v4# http://www.loc.gov/standards/alto/v4/alto-4-2.xsd">
  <Description>
    <MeasurementUnit>pixel</MeasurementUnit>
    <sourceImageInformation>
      <fileName>Cod_174_f006v.tif</fileName>
      
    </sourceImageInformation>
  </Description>
  
  <Tags>
    <OtherTag ID="BT98" LABEL="MainZone" DESCRIPTION="block type MainZone"/><OtherTag ID="BT99" LABEL="RunningTitleZone" DESCRIPTION="block type RunningTitleZone"/><OtherTag ID="BT100" LABEL="QuireMarksZone:catchwords" DESCRIPTION="block type QuireMarksZone:catchwords"/><OtherTag ID="BT101" LABEL="TitlePageZone" DESCRIPTION="block type TitlePageZone"/><OtherTag ID="BT110" LABEL="MarginTextZone:note" DESCRIPTION="block type MarginTextZone:note"/><OtherTag ID="BT111" LABEL="NumberingZone:page" DESCRIPTION="block type NumberingZone:page"/>
    <OtherTag ID="LT41" LABEL="headingLine" DESCRIPTION="line type headingLine"/><OtherTag ID="LT43" LABEL="InterlinearLine:correction" DESCRIPTION="line type InterlinearLine:correction"/><OtherTag ID="LT85" LABEL="DefaultLine" DESCRIPTION="line type DefaultLine"/>
  </Tags>
  
  <Layout>
    <Page WIDTH="3532"
          HEIGHT="5270"
          PHYSICAL_IMG_NR="55"
          ID="eSc_dummypage_">
      <PrintSpace HPOS="0"
                  VPOS="0"
                  WIDTH="3532"
                  HEIGHT="5270">
        
        <TextBlock HPOS="579"
                   VPOS="685"
                   WIDTH="2895"
                   HEIGHT="4088"
                   ID="eSc_textblock_c3e15cfc"
                   TAGREFS="BT98">
          <Shape><Polygon POINTS="3316 755 3334 1682 3457 2863 3457 4035 3351 4545 3474 4685 896 4773 667 4650 650 4251 966 4176 913 4123 878 2301 632 2173 579 1875 632 1739 803 1739 861 1611 843 1387 597 1295 579 772 839 737 843 685 1335 737 3193 685"/></Shape>
          
          
          <TextLine ID="eSc_line_4c88e49c"
                    TAGREFS="LT85"
                    BASELINE="624 869 1137 851 1660 803 2240 799 3211 746" 
                    HPOS="606"
                    VPOS="667"
                    WIDTH="2600"
                    HEIGHT="233">
            <Shape><Polygon POINTS="623 865 606 786 698 750 698 750 702 750 702 750 702 750 707 750 948 768 966 768 970 768 1063 733 1063 733 1067 733 1067 733 1067 733 1071 733 1313 746 1423 715 1427 715 1427 715 1427 715 1432 715 1432 715 1436 715 1436 715 1506 742 1519 746 1528 742 1621 707 1621 707 1625 707 1625 707 1625 707 1629 707 1629 707 1634 707 1634 707 1708 733 1722 737 1735 733 1787 715 1792 715 1792 715 1792 715 1796 715 1796 715 1801 715 1849 729 1880 733 1928 724 2113 685 2113 685 2113 685 2117 685 2363 702 2416 707 2424 702 2455 671 2455 667 2455 667 2460 667 2460 667 2460 667 2464 667 2464 667 2468 667 2468 667 2468 667 2473 667 2556 693 2569 698 3198 667 3206 742 3206 768 2960 803 2960 803 2956 803 2956 803 2952 803 2952 803 2903 786 2890 781 2846 790 2697 816 2697 816 2697 816 2482 825 2477 825 2477 825 2477 825 2473 825 2473 825 2473 825 2468 825 2468 825 2451 808 2442 803 2394 812 2240 838 2240 838 2236 838 1950 834 1831 834 1814 843 1770 860 1770 860 1766 860 1766 860 1766 860 1761 860 1761 860 1757 860 1757 860 1757 860 1726 847 1708 838 1449 847 1432 860 1405 878 1401 878 1401 878 1401 878 1396 878 1396 878 1396 878 1392 878 1256 869 1172 865 1168 873 1159 887 1159 887 1155 887 1155 891 1155 891 1150 891 1150 891 1150 891 1146 891 1146 891 1146 891 623 900"/></Shape>
	    <String CONTENT="65 Æliopolis urbs Marmanricae, Bethsemes est. Ex Munstero"
                    HPOS="606"
                    VPOS="667"
                    WIDTH="2600"
                    HEIGHT="233"></String>
          </TextLine>

          
          
          <TextLine ID="eSc_line_057392cb"
                    TAGREFS="LT85"
                    BASELINE="636 966 3097 843 3326 842" 
                    HPOS="619"
                    VPOS="742"
                    WIDTH="2706"
                    HEIGHT="268">
            <Shape><Polygon POINTS="632 961 619 873 948 856 953 856 953 856 953 856 957 856 957 856 962 856 962 856 997 878 1124 851 1172 843 1172 843 1177 843 1344 843 1660 843 1682 830 1695 816 1695 816 1700 816 1700 816 1700 816 1704 816 1704 816 1708 816 1708 816 1713 816 1713 816 1739 825 1779 838 2033 825 2042 812 2055 803 2055 799 2055 799 2060 799 2060 799 2060 799 2064 799 2064 799 2069 799 2069 799 2069 799 2073 799 2113 812 2143 821 2156 808 2170 794 2170 794 2170 794 2174 794 2174 794 2178 794 2178 794 2178 794 2183 794 2183 794 2183 794 2236 808 2266 812 2284 803 2319 786 2319 786 2319 786 2323 786 2323 786 2323 786 2328 786 2328 786 2332 786 2332 786 2332 786 2363 799 2376 808 2385 799 2407 781 2407 781 2411 781 2411 781 2411 781 2416 781 2416 781 2420 781 2420 781 2420 781 2424 781 2477 794 2504 803 3123 777 3136 768 3206 742 3206 742 3211 742 3211 742 3215 742 3215 742 3215 742 3325 764 3325 838 3321 878 3141 865 3101 891 3101 891 3097 891 3097 891 3097 891 3092 891 3092 891 3088 891 3088 891 3088 891 3083 891 3083 891 3083 891 3022 869 2758 909 2670 917 2670 917 2666 917 2666 917 2662 917 2640 913 2578 895 2556 917 2552 917 2552 922 2552 922 2547 922 2547 922 2547 922 2543 922 2543 922 2539 922 2416 922 2082 922 2064 939 2055 944 2055 948 2055 948 2051 948 2051 948 2051 948 2047 948 2047 948 2047 948 2042 948 2042 948 2038 948 2038 948 2016 944 1959 922 1612 961 1590 961 1590 961 1585 961 1572 961 1375 952 1357 974 1357 974 1353 974 1353 979 1353 979 1348 979 1348 979 1348 979 1344 979 1344 979 1344 979 1339 979 1339 979 1335 979 1317 974 1282 966 1260 979 1238 988 1238 988 1238 988 1234 988 1234 988 1234 988 1230 988 1230 988 1181 983 1076 966 940 992 874 1005 874 1005 874 1010 632 1010"/></Shape>
	    <String CONTENT="66 Æmilium fluuium. Scultenam in Mutinensi agro esse asserit"
                    HPOS="619"
                    VPOS="742"
                    WIDTH="2706"
                    HEIGHT="268"></String>
          </TextLine>

          
          
          <TextLine ID="eSc_line_3f7090b3"
                    TAGREFS="LT85"
                    BASELINE="904 1045 3242 935" 
                    HPOS="891"
                    VPOS="851"
                    WIDTH="2351"
                    HEIGHT="242">
            <Shape><Polygon POINTS="904 1045 891 957 3233 851 3242 935 3237 983 2868 974 2772 1005 2767 1005 2767 1005 2767 1005 2763 1005 2763 1005 2758 1005 2758 1005 2758 1005 2710 983 2486 1018 2486 1018 2482 1018 2482 1018 2310 1001 2196 1032 2192 1032 2192 1032 2187 1032 2187 1032 2042 1014 1748 1054 1748 1054 1748 1054 1744 1054 1744 1054 1744 1054 1739 1054 1656 1032 1563 1062 1559 1062 1559 1062 1559 1062 1559 1062 1537 1067 1252 1075 1247 1075 1247 1075 1243 1075 1243 1075 1243 1075 1238 1075 1208 1054 904 1093"/></Shape>
	    <String CONTENT="Corius. Strabo tamen Scutanam hunc fluuium ap"
                    HPOS="891"
                    VPOS="851"
                    WIDTH="2351"
                    HEIGHT="242"></String>
          </TextLine>

          
          
          <TextLine ID="eSc_line_50078c03"
                    TAGREFS="LT85"
                    BASELINE="896 1155 1212 1137" 
                    HPOS="883"
                    VPOS="1062"
                    WIDTH="329"
                    HEIGHT="145">
            <Shape><Polygon POINTS="896 1155 883 1075 1199 1062 1212 1137 1208 1176 896 1207"/></Shape>
	    <String CONTENT="pellat"
                    HPOS="883"
                    VPOS="1062"
                    WIDTH="329"
                    HEIGHT="145"></String>
          </TextLine>

          
          
          <TextLine ID="eSc_line_fbb4e034"
                    TAGREFS="LT85"
                    BASELINE="645 1273 2772 1150 3294 1141" 
                    HPOS="632"
                    VPOS="1032"
                    WIDTH="2662"
                    HEIGHT="307">
            <Shape><Polygon POINTS="645 1273 632 1172 847 1159 852 1159 852 1159 852 1159 856 1159 856 1159 856 1159 918 1185 1001 1159 1006 1159 1006 1159 1006 1159 1010 1159 1137 1168 1194 1141 1225 1128 1225 1128 1225 1128 1230 1128 1230 1128 1234 1128 1234 1128 1234 1128 1238 1128 1273 1137 1313 1150 1383 1133 1445 1119 1445 1119 1445 1119 1449 1119 1449 1119 1449 1119 1454 1119 1454 1119 1476 1128 1524 1150 1621 1119 1629 1119 1634 1119 1634 1119 1634 1119 1638 1119 1660 1119 1862 1133 1919 1106 1959 1089 1959 1089 1959 1089 1963 1089 1963 1089 1968 1089 1968 1089 1968 1089 1972 1089 1972 1089 2007 1102 2042 1115 2086 1097 2135 1080 2135 1080 2139 1080 2139 1080 2143 1080 2143 1080 2143 1080 2148 1080 2148 1080 2148 1080 2152 1080 2152 1080 2170 1093 2183 1102 2196 1093 2209 1080 2209 1080 2214 1080 2214 1080 2214 1080 2218 1080 2218 1080 2222 1080 2222 1080 2227 1080 2266 1089 2337 1106 2389 1084 2433 1062 2433 1062 2438 1062 2438 1062 2438 1062 2600 1054 2605 1054 2605 1054 2605 1054 2609 1054 2609 1054 2609 1054 2640 1071 2649 1075 2662 1071 2692 1049 2697 1049 2697 1049 2701 1049 2701 1049 2701 1049 2706 1049 2706 1049 2706 1049 2710 1049 2758 1062 2815 1080 2960 1075 2996 1054 3026 1032 3031 1032 3031 1032 3031 1032 3035 1032 3035 1032 3039 1032 3285 1040 3294 1141 3294 1181 2561 1194 2534 1229 2525 1234 2525 1234 2525 1238 2525 1238 2521 1238 2521 1238 2517 1238 2517 1238 2517 1238 2512 1238 2429 1234 2183 1220 2161 1251 2161 1251 2156 1251 2156 1256 2156 1256 2152 1256 2152 1256 2152 1256 2148 1256 2148 1256 2073 1264 2073 1264 2069 1264 2069 1264 2016 1260 1858 1238 1752 1273 1730 1282 1726 1282 1726 1282 1726 1282 1722 1282 1722 1282 1717 1282 1700 1277 1603 1256 1304 1264 1238 1304 1238 1308 1234 1308 1234 1308 1234 1308 1230 1308 1230 1308 1225 1308 1225 1308 1225 1308 1221 1308 1221 1308 1216 1308 1216 1308 1177 1282 1137 1313 1133 1317 1133 1317 1129 1317 1129 1317 1124 1317 1124 1317 1124 1317 645 1339"/></Shape>
	    <String CONTENT="67 Æmonia Istriae ciuitas, Thessalia etiam dicta, ab Arg"
                    HPOS="632"
                    VPOS="1032"
                    WIDTH="2662"
                    HEIGHT="307"></String>
          </TextLine>

          
          
          <TextLine ID="eSc_line_b12c4684"
                    TAGREFS="LT85"
                    BASELINE="895 1374 2908 1260 3312 1264" 
                    HPOS="878"
                    VPOS="1176"
                    WIDTH="2429"
                    HEIGHT="264">
            <Shape><Polygon POINTS="891 1370 878 1313 1098 1299 1133 1269 1133 1264 1133 1264 1137 1264 1137 1264 1142 1264 1142 1264 1142 1264 1146 1264 1146 1264 1146 1264 1150 1264 1150 1264 1212 1291 1295 1256 1295 1256 1300 1256 1300 1256 1300 1256 1304 1256 1304 1256 1309 1256 1309 1256 1375 1282 1458 1247 1458 1247 1462 1247 1462 1247 1462 1247 1467 1247 1700 1260 1744 1234 1748 1234 1748 1234 1748 1234 1752 1234 1752 1234 1757 1234 2077 1242 2275 1203 2275 1203 2279 1203 2279 1203 2279 1203 2394 1225 2446 1198 2446 1198 2446 1198 2451 1198 2451 1198 2451 1198 2455 1198 2670 1212 2675 1212 2675 1212 2758 1176 2758 1176 2763 1176 2763 1176 2767 1176 3307 1181 3307 1260 3307 1295 2679 1304 2381 1326 2345 1357 2341 1361 2341 1361 2337 1361 2337 1361 2337 1361 2332 1361 2332 1361 2332 1365 2205 1365 1840 1365 1726 1392 1700 1396 1700 1396 1700 1396 1695 1396 1695 1396 1691 1396 1682 1396 1594 1370 1550 1400 1550 1405 1550 1405 1546 1405 1546 1405 1546 1405 1541 1405 1541 1405 1537 1405 1480 1405 1063 1405 891 1440"/></Shape>
	    <String CONTENT="nautis prope Nauportum condita, nunc Ciuitas non"
                    HPOS="878"
                    VPOS="1176"
                    WIDTH="2429"
                    HEIGHT="264"></String>
          </TextLine>

          
          
          <TextLine ID="eSc_line_2014820f"
                    TAGREFS="LT85"
                    BASELINE="899 1488 2653 1400 3281 1387" 
                    HPOS="887"
                    VPOS="1282"
                    WIDTH="2390"
                    HEIGHT="259">
            <Shape><Polygon POINTS="896 1484 887 1409 1058 1409 1076 1396 1098 1378 1098 1378 1102 1378 1102 1378 1102 1378 1107 1378 1107 1378 1107 1378 1111 1378 1111 1378 1115 1378 1115 1378 1159 1396 1181 1400 1537 1392 1572 1374 1634 1348 1634 1348 1638 1348 1638 1348 1638 1348 1642 1348 1642 1348 1647 1348 1726 1365 1757 1374 1779 1365 1827 1339 1827 1339 1827 1339 1831 1339 1831 1339 1836 1339 1836 1339 1836 1339 1840 1339 1840 1339 1889 1361 1919 1370 1968 1357 2055 1330 2060 1330 2060 1330 2064 1330 2064 1330 2064 1330 2148 1348 2196 1357 2271 1339 2394 1313 2394 1313 2394 1313 2613 1304 2618 1304 2618 1304 2618 1304 2697 1321 2741 1330 2772 1317 2798 1304 2798 1304 2798 1304 2802 1304 2802 1304 2807 1304 2807 1304 2873 1313 2943 1321 2982 1308 3048 1282 3048 1282 3053 1282 3053 1282 3057 1282 3272 1295 3277 1383 3277 1405 896 1541"/></Shape>
	    <String CONTENT="appellatur, et olim Nouetium. Sed Lazius credidit"
                    HPOS="887"
                    VPOS="1282"
                    WIDTH="2390"
                    HEIGHT="259"></String>
          </TextLine>

          
          
          <TextLine ID="eSc_line_b0c3cf64"
                    TAGREFS="LT85"
                    BASELINE="918 1624 2574 1523 3285 1515" 
                    HPOS="909"
                    VPOS="1418"
                    WIDTH="2376"
                    HEIGHT="255">
            <Shape><Polygon POINTS="918 1624 909 1515 1063 1541 1462 1523 1528 1488 1559 1475 1559 1475 1559 1475 1563 1475 1563 1475 1568 1475 1981 1475 2126 1475 2130 1466 2143 1449 2148 1449 2148 1444 2148 1444 2152 1444 2152 1444 2152 1444 2156 1444 2156 1444 2297 1436 2301 1436 2301 1436 2301 1436 2306 1436 2376 1458 2376 1458 2381 1458 2455 1427 2455 1427 2460 1427 2460 1427 2460 1427 2653 1418 2657 1418 2657 1418 2662 1418 2662 1418 2662 1418 2714 1444 2723 1449 3272 1427 3285 1515 3281 1545 2644 1554 2539 1589 2530 1589 2525 1589 2525 1589 2521 1589 2486 1589 2209 1585 2165 1607 2161 1611 2156 1611 2156 1611 2152 1611 2152 1611 2152 1611 2148 1611 2091 1611 1858 1607 1831 1624 1831 1629 1831 1629 1827 1629 1827 1629 1827 1629 1823 1629 1823 1629 1823 1633 1730 1633 1339 1633 918 1673"/></Shape>
	    <String CONTENT="Æmoniam esse Igium in Carniola, Ciuitatem uero"
                    HPOS="909"
                    VPOS="1418"
                    WIDTH="2376"
                    HEIGHT="255"></String>
          </TextLine>

          
          
          <TextLine ID="eSc_line_caeebc1f"
                    TAGREFS="LT85"
                    BASELINE="889 1738 2442 1664 2987 1664" 
                    HPOS="878"
                    VPOS="1559"
                    WIDTH="2104"
                    HEIGHT="215">
            <Shape><Polygon POINTS="887 1734 878 1642 1234 1646 1273 1629 1304 1611 1304 1611 1304 1611 1309 1611 1309 1611 1309 1611 1313 1611 1313 1611 1383 1624 1454 1638 1471 1620 1489 1607 1489 1602 1489 1602 1493 1602 1493 1602 1493 1602 1498 1602 1498 1602 1502 1602 1502 1602 1502 1602 1506 1602 1506 1602 1546 1620 1577 1633 1603 1616 1625 1602 1629 1602 1629 1602 1629 1602 1634 1602 1634 1602 1638 1602 1638 1602 1638 1602 1708 1616 1774 1624 1823 1611 1902 1585 1906 1585 1906 1585 1906 1585 1910 1585 1910 1585 2042 1598 2139 1576 2143 1576 2143 1576 2148 1576 2148 1576 2152 1576 2152 1576 2152 1576 2200 1598 2200 1598 2214 1598 2512 1559 2512 1559 2517 1559 2517 1559 2521 1559 2521 1559 2596 1585 2596 1585 2600 1585 2820 1559 2820 1559 2824 1559 2824 1559 2978 1576 2982 1660 2978 1673 887 1774"/></Shape>
	    <String CONTENT="nouam fuisse Calisiam. Ex eo, Volaterrano"
                    HPOS="878"
                    VPOS="1559"
                    WIDTH="2104"
                    HEIGHT="215"></String>
          </TextLine>

          
          
          <TextLine ID="eSc_line_b81ed6fb"
                    TAGREFS="LT85"
                    BASELINE="622 1848 1809 1818 2534 1774 3307 1765" 
                    HPOS="606"
                    VPOS="1655"
                    WIDTH="2697"
                    HEIGHT="246">
            <Shape><Polygon POINTS="619 1844 606 1761 654 1734 654 1734 654 1734 658 1734 658 1734 663 1734 663 1734 830 1752 887 1756 1348 1747 1370 1730 1379 1721 1379 1721 1383 1721 1383 1721 1383 1721 1388 1721 1388 1721 1392 1721 1392 1721 1392 1721 1396 1721 1396 1721 1414 1730 1440 1739 1502 1725 1581 1708 1581 1708 1581 1708 1585 1708 1585 1708 1590 1708 1590 1708 1590 1708 1594 1708 1612 1721 1634 1734 1678 1717 1704 1708 1704 1708 1708 1708 1708 1708 1713 1708 1713 1708 1787 1712 1919 1725 1954 1708 1976 1695 1976 1695 1976 1695 1981 1695 1981 1695 1981 1695 2543 1677 2547 1677 2547 1677 2552 1677 2552 1677 2552 1677 2556 1677 2565 1682 2591 1699 2622 1682 2631 1677 2631 1677 2631 1677 2635 1677 2635 1677 2640 1677 2701 1677 3088 1690 3127 1660 3127 1660 3127 1660 3132 1660 3132 1660 3132 1660 3136 1660 3136 1660 3136 1660 3141 1660 3141 1660 3145 1660 3149 1660 3215 1677 3285 1655 3303 1761 3303 1783 2451 1809 2433 1822 2416 1840 2416 1840 2411 1840 2411 1840 2411 1840 2407 1840 2407 1840 2402 1840 2402 1840 2402 1840 2341 1826 2301 1818 2284 1831 2253 1857 2253 1857 2249 1857 2249 1857 2249 1857 2244 1857 2244 1857 2244 1857 2240 1857 1998 1844 1928 1840 1893 1848 1805 1870 1801 1870 1801 1870 1796 1870 1796 1870 1691 1857 1656 1853 1511 1866 1273 1884 1273 1884 1269 1884 1269 1884 1265 1884 1265 1884 1243 1875 1190 1857 1146 1879 1129 1888 1129 1888 1129 1888 1124 1888 1124 1888 1124 1888 764 1901 759 1901 759 1901 759 1901 755 1901 742 1897 663 1870 628 1901"/></Shape>
	    <String CONTENT="68 Æmus mons Thraciae ab Æmo filio Boreae, et Ori"
                    HPOS="606"
                    VPOS="1655"
                    WIDTH="2697"
                    HEIGHT="246"></String>
          </TextLine>

          
          
          <TextLine ID="eSc_line_988fb8f9"
                    TAGREFS="LT85"
                    BASELINE="922 1958 2829 1897" 
                    HPOS="909"
                    VPOS="1796"
                    WIDTH="1920"
                    HEIGHT="206">
            <Shape><Polygon POINTS="922 1958 909 1884 970 1853 970 1853 970 1853 975 1853 975 1853 979 1853 979 1853 984 1853 984 1853 984 1853 988 1853 1027 1879 1027 1879 1076 1875 1361 1848 1361 1848 1366 1848 1511 1857 1590 1862 1629 1853 1713 1831 1717 1831 1717 1831 1722 1831 1722 1831 1722 1831 1801 1844 1836 1853 1849 1844 1880 1818 1880 1818 1884 1818 1884 1818 1884 1818 1889 1818 1889 1818 1893 1818 1893 1818 1893 1818 1981 1835 2064 1813 2069 1813 2069 1813 2069 1813 2073 1813 2297 1826 2372 1826 2394 1822 2442 1804 2446 1804 2446 1804 2446 1804 2451 1804 2451 1804 2451 1804 2455 1804 2455 1804 2486 1818 2508 1826 2517 1813 2539 1800 2539 1796 2539 1796 2543 1796 2543 1796 2547 1796 2547 1796 2547 1796 2552 1796 2820 1804 2829 1897 2829 1923 2578 1954 2578 1954 2574 1954 2574 1954 2574 1954 2504 1941 2490 1936 2477 1941 2424 1963 2424 1963 2420 1963 2420 1963 2420 1963 2416 1963 2416 1963 2411 1963 2341 1945 2315 1941 2271 1949 2170 1967 2170 1967 2170 1967 2165 1967 2165 1967 2086 1958 2033 1949 1959 1963 1871 1976 1871 1976 1871 1976 1867 1976 1867 1976 1805 1967 1744 1958 1669 1971 1594 1989 1594 1989 1594 1989 1590 1989 1436 1985 1269 1976 1247 1989 1243 1998 1243 1998 1238 1998 1238 1998 1238 1998 1234 1998 1234 1998 1234 1998 922 2002"/></Shape>
	    <String CONTENT="thyiae, Catena Mundi est. Ex Munstero"
                    HPOS="909"
                    VPOS="1796"
                    WIDTH="1920"
                    HEIGHT="206"></String>
          </TextLine>

          
          
          <TextLine ID="eSc_line_e9d611a1"
                    TAGREFS="LT85"
                    BASELINE="646 2104 3114 1985 3373 2013" 
                    HPOS="623"
                    VPOS="1862"
                    WIDTH="2746"
                    HEIGHT="303">
            <Shape><Polygon POINTS="645 2103 623 2020 663 1989 663 1989 667 1989 667 1989 672 1989 672 1989 672 1989 768 1985 773 1985 773 1985 773 1985 777 1985 777 1985 781 1985 781 1985 781 1989 808 2011 812 2015 821 2011 874 1980 874 1980 874 1980 878 1980 878 1980 878 1980 883 1980 883 1980 883 1980 979 2002 1010 2006 1032 1998 1102 1967 1102 1967 1107 1967 1107 1967 1107 1967 1111 1967 1471 1971 1550 1971 1572 1967 1656 1941 1660 1941 1660 1941 1660 1941 1664 1941 1664 1941 1669 1941 1669 1941 1713 1958 1748 1971 1831 1949 1924 1927 1928 1927 1928 1927 1932 1927 1932 1927 1937 1927 1937 1927 1976 1941 2025 1958 2121 1932 2200 1914 2205 1914 2205 1914 2209 1914 2209 1914 2284 1923 2389 1941 2811 1892 2842 1892 2842 1892 2846 1892 2846 1892 2851 1892 2851 1892 2851 1892 2912 1914 3101 1910 3119 1884 3123 1884 3123 1879 3123 1879 3127 1879 3127 1879 3127 1879 3132 1879 3132 1879 3136 1879 3136 1879 3294 1897 3347 1862 3369 2011 3365 2033 3132 2015 2969 2020 2916 2055 2912 2055 2912 2055 2908 2055 2908 2055 2908 2055 2903 2055 2618 2042 2477 2077 2477 2077 2473 2077 2473 2077 2468 2077 2468 2077 2468 2077 2468 2077 2464 2077 2385 2050 2288 2086 2288 2086 2284 2086 2284 2086 2284 2086 2284 2086 2279 2086 2279 2086 2279 2086 2135 2064 1744 2077 1476 2125 1471 2125 1471 2125 1467 2125 1467 2125 1467 2125 1304 2103 1269 2129 1269 2134 1265 2134 1265 2134 1265 2134 1260 2134 1260 2134 1260 2134 1256 2134 1256 2134 1252 2134 1252 2134 1252 2134 1203 2108 1172 2134 1172 2138 1172 2138 1168 2138 1168 2138 1164 2138 1164 2138 1164 2138 808 2156 803 2156 803 2156 799 2156 799 2156 799 2156 795 2156 759 2134 742 2156 738 2156 738 2160 738 2160 733 2160 733 2160 729 2160 729 2160 729 2160 645 2165"/></Shape>
	    <String CONTENT="69 Ænaria Insula in Puteolano ſinu a Statione nacium A"
                    HPOS="623"
                    VPOS="1862"
                    WIDTH="2746"
                    HEIGHT="303"></String>
          </TextLine>

          
          
          <TextLine ID="eSc_line_cd0300b7"
                    TAGREFS="LT85"
                    BASELINE="926 2204 3329 2108" 
                    HPOS="913"
                    VPOS="2006"
                    WIDTH="2416"
                    HEIGHT="238">
            <Shape><Polygon POINTS="926 2204 913 2129 1142 2121 1142 2116 1172 2090 1172 2090 1172 2090 1177 2090 1177 2090 1181 2090 1181 2090 1181 2090 1186 2090 1467 2103 1471 2103 1471 2103 1581 2068 1585 2068 1585 2068 1585 2068 1590 2068 1590 2068 1590 2068 1691 2090 1801 2059 1805 2059 1805 2059 1805 2059 1809 2059 1809 2059 1814 2059 1814 2059 1862 2077 2135 2046 2135 2046 2139 2046 2139 2046 2341 2068 2341 2068 2345 2068 2591 2028 2591 2028 2596 2028 2596 2028 2785 2050 2785 2050 2789 2050 3119 2006 3119 2006 3123 2006 3123 2006 3123 2006 3127 2006 3127 2006 3127 2006 3132 2006 3171 2033 3316 2033 3329 2108 3329 2143 2600 2169 2583 2178 2455 2209 2451 2209 2451 2209 926 2244"/></Shape>
	    <String CONTENT="neae dicta, ab Homero Inarime, a Graecis Pithecus"
                    HPOS="913"
                    VPOS="2006"
                    WIDTH="2416"
                    HEIGHT="238"></String>
          </TextLine>

          
          
          <TextLine ID="eSc_line_a91721d5"
                    TAGREFS="LT85"
                    BASELINE="944 2331 2974 2257 3332 2266" 
                    HPOS="931"
                    VPOS="2138"
                    WIDTH="2398"
                    HEIGHT="273">
            <Shape><Polygon POINTS="940 2327 931 2217 1295 2244 1335 2217 1339 2217 1339 2217 1339 2217 1344 2217 1344 2217 1348 2217 1348 2217 1348 2217 1445 2235 1480 2209 1480 2204 1480 2204 1484 2204 1484 2204 1484 2204 1484 2204 1489 2204 1489 2204 1493 2204 1493 2204 1506 2204 1664 2222 1686 2200 1695 2195 1695 2191 1695 2191 1700 2191 1700 2191 1700 2191 1704 2191 1704 2191 1704 2191 1708 2191 1708 2191 1713 2191 1713 2191 1735 2200 1809 2226 2156 2217 2240 2191 2310 2169 2315 2169 2315 2169 2319 2169 2319 2169 2319 2169 2323 2169 2323 2169 2328 2169 2328 2169 2350 2187 2372 2204 2556 2204 2574 2182 2591 2165 2591 2165 2591 2160 2591 2160 2596 2160 2596 2160 2600 2160 2600 2160 2600 2160 2692 2156 2697 2156 2697 2156 2697 2156 2701 2156 2776 2178 2811 2187 3044 2187 3079 2173 3189 2138 3193 2138 3193 2138 3193 2138 3198 2138 3198 2138 3198 2138 3325 2169 3329 2261 3325 2292 2609 2301 2569 2331 2547 2349 2547 2349 2543 2349 2543 2349 2539 2349 2539 2349 2539 2349 2534 2349 2534 2349 2530 2349 2530 2349 2490 2336 2477 2331 2424 2340 2266 2362 2266 2362 2262 2362 2262 2362 2262 2362 2258 2362 2258 2362 2258 2362 2253 2362 2253 2362 2253 2358 2240 2349 2231 2340 2174 2349 2064 2371 2064 2371 2060 2371 2060 2371 2060 2371 2055 2371 2055 2371 2025 2358 1963 2331 1893 2353 1889 2353 1889 2353 1889 2353 1884 2353 1884 2353 1880 2353 1880 2353 1831 2336 1726 2371 1691 2384 1686 2384 1686 2384 1686 2384 1282 2397 1278 2397 1278 2397 1278 2397 1273 2397 1273 2397 1269 2397 1269 2397 1194 2353 1098 2353 944 2411"/></Shape>
	    <String CONTENT="pithecusta, at Pithecusae a figulinis doliorcum, uel R⟨⟩"
                    HPOS="931"
                    VPOS="2138"
                    WIDTH="2398"
                    HEIGHT="273"></String>
          </TextLine>

          
          
          <TextLine ID="eSc_line_97c3e813"
                    TAGREFS="LT85"
                    BASELINE="916 2467 3356 2375" 
                    HPOS="900"
                    VPOS="2266"
                    WIDTH="2451"
                    HEIGHT="263">
            <Shape><Polygon POINTS="913 2463 900 2389 1146 2345 1146 2345 1150 2345 1150 2345 1150 2345 1155 2345 1252 2375 1273 2380 1691 2371 1713 2362 1836 2318 1840 2318 1840 2318 1840 2318 1845 2318 1845 2318 2060 2349 2069 2353 2143 2353 2148 2349 2187 2314 2187 2310 2187 2310 2192 2310 2192 2310 2192 2310 2196 2310 2196 2310 2200 2310 2200 2310 2200 2310 2363 2340 2367 2340 2372 2340 2416 2301 2416 2301 2420 2301 2420 2301 2420 2301 2424 2301 2424 2301 2429 2301 2429 2301 2429 2301 2433 2301 2433 2301 2433 2301 2438 2301 2486 2336 2569 2305 2569 2305 2574 2305 2574 2305 2578 2305 2578 2305 2578 2305 2583 2305 2583 2305 2583 2305 2587 2305 2587 2305 2587 2310 2613 2331 2613 2331 2987 2323 2987 2318 3053 2274 3057 2274 3057 2274 3057 2274 3061 2274 3061 2274 3061 2274 3066 2274 3066 2274 3070 2274 3189 2305 3228 2270 3228 2266 3228 2266 3233 2266 3233 2266 3233 2266 3237 2266 3237 2266 3242 2266 3242 2266 3242 2266 3246 2266 3246 2266 3347 2310 3351 2371 3347 2424 3123 2406 2675 2450 2653 2450 2653 2450 2649 2450 2649 2450 2644 2450 2552 2437 2534 2454 2521 2468 2521 2468 2521 2472 2521 2472 2517 2472 2517 2472 2512 2472 2512 2472 2512 2472 2064 2490 2060 2490 2060 2490 2060 2490 2055 2490 2055 2490 2020 2472 1976 2454 1897 2476 1827 2498 1823 2498 1823 2498 1823 2503 1594 2503 1590 2498 1590 2498 1585 2498 1585 2498 1563 2490 1506 2468 1467 2494 1467 2494 1462 2494 1462 2494 1462 2494 1458 2494 1458 2494 1454 2494 1427 2494 1190 2485 1120 2507 1098 2512 1093 2512 1093 2512 1093 2512 1089 2512 1089 2512 1085 2512 1085 2512 1085 2512 1076 2507 1045 2494 1032 2507 1014 2525 1014 2525 1014 2529 1014 2529 1010 2529 1010 2529 1006 2529 1006 2529 1006 2529 1001 2529 1001 2529 909 2512"/></Shape>
	    <String CONTENT="gquod tamen negat plinius )a ſimiarcum multitudia¬"
                    HPOS="900"
                    VPOS="2266"
                    WIDTH="2451"
                    HEIGHT="263"></String>
          </TextLine>

          
          
          <TextLine ID="eSc_line_0c956faa"
                    TAGREFS="LT85"
                    BASELINE="944 2582 3351 2516" 
                    HPOS="931"
                    VPOS="2424"
                    WIDTH="2420"
                    HEIGHT="215">
            <Shape><Polygon POINTS="944 2582 935 2512 1045 2485 1045 2485 1045 2485 1049 2485 1282 2498 1410 2503 1432 2490 1454 2476 1458 2476 1458 2476 1458 2476 1462 2476 1462 2476 1467 2476 1467 2476 1467 2476 1471 2476 1471 2476 1476 2476 1493 2490 1511 2498 1678 2481 1919 2459 1919 2459 1924 2459 2055 2468 2209 2481 2244 2463 2244 2459 2249 2459 2249 2459 2249 2459 2253 2459 2253 2459 2253 2459 2258 2459 2297 2459 2477 2472 2578 2450 2622 2441 2622 2441 2622 2441 2627 2441 2692 2446 2859 2459 3338 2424 3351 2516 3351 2542 3075 2573 3075 2573 3070 2573 2745 2564 2547 2599 2547 2599 2547 2599 2543 2599 2543 2599 2539 2599 2442 2573 2385 2604 2385 2604 2385 2604 2381 2604 2381 2604 2381 2604 2376 2604 1840 2595 1423 2630 1418 2630 1418 2630 1418 2630 1260 2604 979 2639 979 2639 975 2639 975 2639 975 2639 970 2639 970 2639 966 2639 966 2639 966 2639 931 2608"/></Shape>
	    <String CONTENT="quae in ea ſunt, cuni Iupiter conuertisset in ſimias"
                    HPOS="931"
                    VPOS="2424"
                    WIDTH="2420"
                    HEIGHT="215"></String>
          </TextLine>

          
          
          <TextLine ID="eSc_line_d5bf3e8f"
                    TAGREFS="LT85"
                    BASELINE="966 2718 3347 2648" 
                    HPOS="948"
                    VPOS="2538"
                    WIDTH="2399"
                    HEIGHT="211">
            <Shape><Polygon POINTS="966 2718 948 2643 988 2617 992 2617 992 2617 992 2617 997 2617 997 2617 1001 2617 1001 2617 1001 2617 1098 2635 1137 2604 1137 2599 1137 2599 1142 2599 1142 2599 1146 2599 1146 2599 1146 2599 1150 2599 1150 2599 1383 2630 1405 2630 1634 2626 1638 2621 1695 2582 1700 2582 1700 2582 1700 2582 1704 2582 1704 2582 1704 2582 1708 2582 1708 2582 1902 2613 1924 2613 2288 2608 2315 2599 2442 2560 2446 2560 2446 2560 2446 2560 2451 2560 2451 2560 2561 2577 2706 2555 2706 2555 2710 2555 2710 2555 2710 2555 2714 2555 2714 2555 2714 2555 2719 2555 2758 2582 2763 2586 2793 2582 2899 2560 2899 2560 2903 2560 2903 2560 3031 2573 3083 2577 3105 2569 3189 2538 3189 2538 3193 2538 3193 2538 3193 2538 3198 2538 3198 2538 3338 2564 3347 2648 3347 2670 2802 2683 2793 2692 2763 2709 2758 2709 2758 2709 2754 2709 2754 2709 2754 2709 2750 2709 2750 2709 2640 2696 2605 2692 2596 2696 2565 2718 2561 2718 2561 2718 2556 2718 2556 2718 2556 2718 2301 2727 2297 2727 2297 2727 2293 2727 2293 2727 2293 2727 2288 2727 2288 2727 2266 2709 2266 2709 2262 2709 1831 2740 1827 2740 1827 2740 1827 2740 1752 2727 1722 2718 1708 2727 1686 2744 1682 2744 1682 2744 1682 2744 1678 2744 1678 2744 1678 2744 966 2749"/></Shape>
	    <String CONTENT="Candulum, et Atlantem, qui ſcelera homines doce"
                    HPOS="948"
                    VPOS="2538"
                    WIDTH="2399"
                    HEIGHT="211"></String>
          </TextLine>

          
          
          <TextLine ID="eSc_line_dd974abd"
                    TAGREFS="LT85"
                    BASELINE="962 2828 3382 2753" 
                    HPOS="948"
                    VPOS="2665"
                    WIDTH="2434"
                    HEIGHT="215">
            <Shape><Polygon POINTS="962 2828 948 2744 3369 2665 3382 2753 3378 2815 3233 2784 2851 2793 2780 2832 2776 2832 2776 2832 2776 2832 2772 2832 2772 2832 2772 2832 2767 2832 2767 2832 2763 2832 2763 2832 2758 2832 2679 2801 2653 2823 2653 2828 2653 2828 2649 2828 2649 2828 2649 2828 2644 2828 2644 2828 2644 2828 2640 2828 2640 2828 2635 2828 2547 2806 2381 2841 2354 2845 2354 2845 2354 2845 2231 2850 2227 2850 2227 2850 2222 2850 2222 2850 2222 2850 2214 2845 2161 2819 2130 2845 2130 2845 2126 2845 2126 2845 2121 2845 2121 2845 2121 2845 2117 2845 1867 2832 1823 2854 1814 2863 1809 2863 1809 2863 1809 2863 1805 2863 1805 2863 1801 2863 1801 2863 1739 2858 1612 2845 1370 2867 1216 2880 1216 2880 1212 2880 1212 2880 1159 2872 1049 2854 966 2876"/></Shape>
	    <String CONTENT="bant : uel cum deuictis Gigantibus, qui in ea eran"
                    HPOS="948"
                    VPOS="2665"
                    WIDTH="2434"
                    HEIGHT="215"></String>
          </TextLine>

          
          
          <TextLine ID="eSc_line_f484e182"
                    TAGREFS="LT85"
                    BASELINE="962 2955 3395 2872" 
                    HPOS="948"
                    VPOS="2784"
                    WIDTH="2447"
                    HEIGHT="206">
            <Shape><Polygon POINTS="962 2955 948 2872 3382 2784 3395 2872 3395 2911 962 2990"/></Shape>
	    <String CONTENT="in eorum contemptum ibi posuerit Oiik30, Sinnis"
                    HPOS="948"
                    VPOS="2784"
                    WIDTH="2447"
                    HEIGHT="206"></String>
          </TextLine>

          
          
          <TextLine ID="eSc_line_8c9a56d8"
                    TAGREFS="LT85"
                    BASELINE="966 3074 2851 3012 3395 3012" 
                    HPOS="957"
                    VPOS="2907"
                    WIDTH="2438"
                    HEIGHT="193">
            <Shape><Polygon POINTS="966 3074 957 2999 1260 2955 1260 2955 1265 2955 1265 2955 1269 2955 1357 2981 1388 2955 1388 2951 1388 2951 1392 2951 1392 2951 1392 2951 1396 2951 1396 2951 1396 2951 1401 2951 1401 2951 1405 2951 1506 2977 1515 2977 1528 2977 1726 2942 1726 2942 1730 2942 1730 2942 1730 2942 1735 2942 1735 2942 1792 2968 1801 2968 1814 2964 1946 2938 1946 2938 1946 2938 1950 2938 1950 2938 2069 2955 2091 2959 2095 2955 2121 2933 2121 2929 2121 2929 2126 2929 2126 2929 2126 2929 2130 2929 2130 2929 2135 2929 2135 2929 2135 2929 2139 2929 2214 2951 2227 2955 2231 2951 2262 2924 2262 2924 2266 2924 2266 2924 2266 2924 2271 2924 2271 2924 2275 2924 2275 2924 2275 2924 2381 2946 2416 2951 2468 2942 2552 2929 2552 2929 2556 2929 2556 2929 2640 2938 2701 2942 2719 2933 2750 2911 2754 2911 2754 2911 2754 2911 2758 2911 2758 2911 2763 2911 2763 2911 2763 2911 2767 2911 2824 2929 2846 2911 2846 2907 2846 2907 2851 2907 2851 2907 2851 2907 2855 2907 2855 2907 2859 2907 3391 2911 3395 3012 3387 3047 3004 3034 2627 3043 2583 3065 2569 3074 2569 3074 2569 3074 2565 3074 2565 3074 2561 3074 2561 3074 2561 3074 2530 3069 2451 3052 2249 3074 2130 3087 2130 3087 966 3100"/></Shape>
	    <String CONTENT="as ſclicet, et Satyros Ischia est. Sed Graeci ali"
                    HPOS="957"
                    VPOS="2907"
                    WIDTH="2438"
                    HEIGHT="193"></String>
          </TextLine>

          
          
          <TextLine ID="eSc_line_7253d770"
                    TAGREFS="LT85"
                    BASELINE="966 3197 3387 3135" 
                    HPOS="953"
                    VPOS="3030"
                    WIDTH="2442"
                    HEIGHT="211">
            <Shape><Polygon POINTS="966 3197 953 3109 1006 3087 1006 3087 1010 3087 1010 3087 1010 3087 1014 3087 1014 3087 1019 3087 1085 3104 1124 3113 1142 3100 1172 3082 1177 3082 1177 3082 1181 3082 1181 3082 1181 3082 1186 3082 1410 3091 1572 3100 1607 3087 1647 3069 1647 3069 1651 3069 1651 3069 1651 3069 1656 3069 1656 3069 1660 3069 1660 3069 1660 3069 1664 3069 1686 3082 1700 3096 1717 3082 1735 3069 1739 3069 1739 3069 1739 3069 1744 3069 1744 3069 1744 3069 1910 3065 1915 3065 2069 3069 2315 3082 2367 3060 2389 3052 2389 3052 2394 3052 2394 3052 2394 3052 2736 3043 2741 3043 2842 3047 3202 3060 3373 3030 3387 3135 3395 3148 3356 3179 3356 3179 3351 3179 3351 3179 3351 3179 3347 3179 3347 3179 3343 3179 3343 3179 3343 3179 3338 3179 3338 3179 3338 3179 3294 3157 2855 3188 2851 3188 2851 3188 2741 3175 2719 3170 2679 3175 2482 3210 2482 3210 2477 3210 2477 3210 2477 3210 2376 3188 2359 3183 2354 3188 2341 3205 2337 3205 2337 3210 2337 3210 2332 3210 2332 3210 2328 3210 2328 3210 2328 3210 2323 3210 2323 3210 2319 3210 2249 3192 2231 3188 2214 3192 2143 3219 2143 3219 2139 3219 2139 3219 2135 3219 2135 3219 2130 3219 2130 3219 2130 3219 2126 3219 2095 3197 2086 3192 2038 3201 1915 3223 1915 3223 1910 3223 1910 3223 1910 3223 1906 3223 1906 3223 1867 3205 1827 3192 1770 3210 1722 3227 1717 3227 1717 3227 1717 3227 966 3241"/></Shape>
	    <String CONTENT="qui Inarimen, uel Enarimen apuò Homerum intel"
                    HPOS="953"
                    VPOS="3030"
                    WIDTH="2442"
                    HEIGHT="211"></String>
          </TextLine>

          
          
          <TextLine ID="eSc_line_c74e723d"
                    TAGREFS="LT85"
                    BASELINE="966 3306 3408 3263" 
                    HPOS="962"
                    VPOS="3175"
                    WIDTH="2446"
                    HEIGHT="197">
            <Shape><Polygon POINTS="966 3306 962 3214 2196 3214 2209 3201 2231 3183 2231 3183 2236 3183 2236 3183 2236 3183 2240 3183 2240 3183 2244 3183 2244 3183 2359 3201 2385 3201 2429 3197 2697 3175 2701 3175 2701 3175 2701 3175 2706 3175 2772 3197 2780 3197 3395 3192 3408 3263 3404 3302 2622 3302 2578 3324 2574 3324 2574 3324 2574 3324 2569 3324 2569 3324 2565 3324 2565 3324 2552 3324 2438 3311 2398 3328 2359 3346 2359 3346 2359 3346 2354 3346 2354 3346 2350 3346 2350 3346 2227 3333 2060 3315 2029 3337 2020 3346 2020 3350 2020 3350 2016 3350 2016 3350 2012 3350 2012 3350 2012 3350 2007 3350 1875 3346 1678 3333 1647 3350 1638 3359 1634 3359 1634 3359 1634 3359 1629 3359 1629 3359 1629 3359 1625 3359 1625 3359 1625 3359 1621 3359 1599 3350 1498 3320 1383 3359 1366 3364 1361 3364 1361 3364 1361 3364 1357 3364 1357 3364 1353 3364 1335 3359 1273 3342 1216 3364 1203 3368 1203 3368 1199 3368 1199 3368 1199 3372 966 3372"/></Shape>
	    <String CONTENT="ligunt Arimam regionem Myſiae, Catacecaumenet"
                    HPOS="962"
                    VPOS="3175"
                    WIDTH="2446"
                    HEIGHT="197"></String>
          </TextLine>

          
          
          <TextLine ID="eSc_line_2465fe45"
                    TAGREFS="LT85"
                    BASELINE="970 3447 3360 3385" 
                    HPOS="962"
                    VPOS="3284"
                    WIDTH="2398"
                    HEIGHT="216">
            <Shape><Polygon POINTS="970 3447 962 3372 1282 3368 1291 3364 1370 3337 1375 3337 1375 3337 1375 3337 1379 3337 1379 3337 1379 3337 1383 3337 1445 3359 1449 3359 1449 3359 1498 3324 1502 3324 1502 3324 1502 3324 1506 3324 1506 3324 1506 3324 1647 3320 1651 3320 1651 3320 1651 3320 1787 3350 1796 3350 1889 3346 1972 3346 2012 3311 2012 3311 2016 3311 2016 3311 2016 3311 2020 3311 2020 3311 2020 3311 2025 3311 2025 3311 2029 3311 2143 3342 2143 3342 2143 3342 2209 3306 2209 3306 2209 3306 2214 3306 2214 3306 2218 3306 2218 3306 2218 3306 2222 3306 2323 3337 2363 3302 2363 3302 2367 3302 2367 3302 2367 3302 2372 3302 2372 3302 2372 3302 2376 3302 2376 3302 2495 3320 2517 3302 2517 3298 2517 3298 2521 3298 2521 3298 2521 3298 2525 3298 2525 3298 2525 3298 2530 3298 2991 3320 3035 3284 3035 3284 3039 3284 3039 3284 3039 3284 3044 3284 3044 3284 3048 3284 3048 3284 3351 3315 3360 3385 3356 3412 3193 3412 3184 3416 3132 3443 3132 3443 3132 3443 3127 3443 3127 3443 3127 3443 3123 3443 3123 3443 3123 3443 3119 3443 3044 3416 3035 3416 3018 3421 2916 3438 2916 3438 2916 3438 2912 3438 2745 3425 2706 3425 2701 3429 2657 3465 2657 3465 2653 3465 2653 3465 2653 3465 2649 3465 2649 3465 2649 3465 2504 3469 2499 3469 2499 3469 2495 3469 2389 3438 2359 3465 2359 3469 2359 3469 2354 3469 2354 3469 2354 3469 2350 3469 2350 3469 2345 3469 2345 3469 2345 3469 2222 3443 2218 3443 2218 3443 2003 3478 2003 3478 1998 3478 1998 3478 1998 3478 1849 3451 1845 3451 1845 3451 1801 3486 1801 3486 1796 3486 1796 3486 1792 3486 1792 3486 1792 3486 1787 3486 1787 3486 1585 3460 1555 3456 1519 3460 1309 3500 1309 3500 1309 3500 1304 3500 966 3473"/></Shape>
	    <String CONTENT="etiam appellatam, uitiferam, ſed arboribus alijs ca"
                    HPOS="962"
                    VPOS="3284"
                    WIDTH="2398"
                    HEIGHT="216"></String>
          </TextLine>

          
          
          <TextLine ID="eSc_line_6ed5a393"
                    TAGREFS="LT85"
                    BASELINE="979 3570 2341 3539 3400 3552" 
                    HPOS="962"
                    VPOS="3451"
                    WIDTH="2438"
                    HEIGHT="167">
            <Shape><Polygon POINTS="979 3570 962 3495 1014 3465 1019 3465 1019 3465 1023 3465 1023 3465 1023 3465 1027 3465 1027 3465 1032 3465 1032 3465 1032 3465 1080 3491 1396 3491 1489 3456 1489 3456 1493 3456 1493 3456 1498 3456 1498 3456 1726 3478 1783 3456 1783 3456 1787 3456 1787 3456 1787 3456 1792 3456 1792 3456 1792 3456 1796 3456 1796 3456 1853 3482 1897 3451 1902 3451 1902 3451 1902 3451 1906 3451 1906 3451 1910 3451 3395 3469 3400 3552 3395 3561 3220 3601 3220 3601 3220 3601 3215 3601 3215 3601 3211 3601 3088 3570 3070 3566 2851 3566 2688 3566 2679 3574 2644 3605 2644 3605 2640 3605 2640 3605 2640 3605 2635 3605 2635 3605 2631 3605 2631 3605 2631 3605 2627 3605 2627 3605 2561 3579 2543 3570 2521 3579 2482 3596 2482 3596 2477 3596 2477 3596 2477 3596 2473 3596 2473 3596 2473 3596 2468 3596 2416 3579 2376 3570 2279 3583 2099 3609 2099 3609 2095 3609 2095 3609 2095 3609 1981 3587 1919 3579 1730 3592 1528 3609 1524 3609 1524 3609 1524 3609 1519 3609 1519 3609 1489 3596 1449 3583 1418 3601 1379 3618 1379 3618 1379 3618 1375 3618 1375 3618 1370 3618 975 3605"/></Shape>
	    <String CONTENT="rentem, cineream, et ignem euomentem, quingento"
                    HPOS="962"
                    VPOS="3451"
                    WIDTH="2438"
                    HEIGHT="167"></String>
          </TextLine>

          
          
          <TextLine ID="eSc_line_83641aa2"
                    TAGREFS="LT85"
                    BASELINE="984 3706 3395 3658" 
                    HPOS="975"
                    VPOS="3552"
                    WIDTH="2420"
                    HEIGHT="207">
            <Shape><Polygon POINTS="984 3706 975 3645 1414 3587 1414 3587 1418 3587 1418 3587 1621 3623 1695 3583 1695 3583 1695 3583 1700 3583 1700 3583 1700 3583 1704 3583 1704 3583 1862 3601 1941 3579 1946 3579 1946 3579 1946 3579 1950 3579 1950 3579 1954 3579 1954 3579 2051 3618 2135 3574 2135 3574 2135 3574 2139 3574 2139 3574 2139 3574 2143 3574 2143 3574 2148 3574 2288 3614 2508 3566 2508 3566 2508 3566 2512 3566 2512 3566 2728 3605 2934 3605 2991 3574 2991 3574 2991 3574 2996 3574 2996 3574 3000 3574 3000 3574 3162 3596 3277 3552 3277 3552 3281 3552 3281 3552 3285 3552 3285 3552 3285 3552 3290 3552 3290 3552 3391 3596 3395 3658 3391 3689 3066 3689 3009 3702 2952 3715 2947 3715 2947 3715 2943 3715 2943 3715 2943 3715 2938 3715 2938 3715 2938 3715 2934 3715 2934 3715 2921 3702 2916 3697 2908 3706 2873 3728 2868 3728 2868 3728 2864 3728 2864 3728 2864 3728 2732 3732 2728 3732 2728 3732 2723 3732 2723 3732 2723 3732 2719 3732 2684 3710 2666 3702 2460 3702 2433 3715 2402 3732 2402 3732 2402 3732 2398 3732 2398 3732 2398 3732 2394 3732 2394 3732 2389 3732 2389 3732 2389 3732 2385 3732 2367 3719 2345 3706 2244 3724 2196 3728 2196 3728 2192 3728 2192 3728 2192 3728 2187 3728 2187 3728 2183 3728 2183 3728 2178 3724 2152 3706 2033 3706 2007 3728 1985 3746 1985 3746 1981 3746 1981 3746 1976 3746 1976 3746 1976 3746 1972 3746 1752 3737 1506 3724 1462 3741 1449 3750 1449 3750 1449 3750 1445 3750 1445 3750 1440 3750 1440 3750 1440 3750 1436 3750 1414 3746 1344 3724 1313 3746 1300 3759 1300 3759 1295 3759 1295 3759 1295 3759 1291 3759 1291 3759 1287 3759 979 3754"/></Shape>
	    <String CONTENT="rum Stadiorum longitudine, quadringentorum lat"
                    HPOS="975"
                    VPOS="3552"
                    WIDTH="2420"
                    HEIGHT="207"></String>
          </TextLine>

          
          
          <TextLine ID="eSc_line_c1f42758"
                    TAGREFS="LT85"
                    BASELINE="988 3825 3378 3785" 
                    HPOS="975"
                    VPOS="3689"
                    WIDTH="2403"
                    HEIGHT="180">
            <Shape><Polygon POINTS="988 3825 975 3759 1071 3724 1076 3724 1076 3724 1076 3724 1080 3724 1080 3724 1085 3724 1186 3750 1326 3719 1326 3719 1326 3719 1331 3719 1331 3719 1331 3719 1467 3746 1647 3746 1678 3715 1678 3715 1682 3715 1682 3715 1682 3715 1686 3715 1686 3715 1686 3715 1691 3715 1950 3737 2038 3706 2038 3706 2042 3706 2042 3706 2047 3706 2047 3706 2275 3728 2688 3697 2692 3697 2692 3697 2692 3697 2697 3697 2802 3724 3180 3689 3180 3689 3184 3689 3184 3689 3189 3689 3189 3689 3189 3689 3193 3689 3233 3719 3369 3719 3378 3785 3378 3825 3101 3838 3097 3838 3097 3838 3092 3838 3092 3838 3092 3838 3088 3838 3088 3838 3088 3833 3083 3833 3061 3811 2846 3811 2644 3838 2578 3847 2578 3847 2574 3847 2574 3847 2521 3842 2354 3820 2244 3820 2222 3847 2218 3847 2218 3851 2218 3851 2214 3851 2214 3851 2214 3851 2209 3851 2209 3851 2205 3851 2205 3851 2205 3851 2174 3847 2055 3825 1998 3851 1985 3855 1985 3855 1981 3855 1981 3855 1981 3855 1976 3855 1897 3851 1691 3838 1568 3855 1515 3864 1515 3864 1515 3869 988 3869"/></Shape>
	    <String CONTENT="tudine. Quam tamen Arimam, uel Arimos alij in"
                    HPOS="975"
                    VPOS="3689"
                    WIDTH="2403"
                    HEIGHT="180"></String>
          </TextLine>

          
          
          <TextLine ID="eSc_line_41fd0b5d"
                    TAGREFS="LT85"
                    BASELINE="1006 3939 3378 3904" 
                    HPOS="997"
                    VPOS="3803"
                    WIDTH="2381"
                    HEIGHT="184">
            <Shape><Polygon POINTS="1006 3939 997 3855 1203 3833 1203 3833 1208 3833 1392 3847 1563 3855 1581 3842 1590 3833 1590 3829 1590 3829 1594 3829 1594 3829 1594 3829 1599 3829 1599 3829 1599 3829 1603 3829 1603 3829 1607 3829 1642 3838 1682 3851 1695 3838 1708 3829 1708 3825 1708 3825 1713 3825 1713 3825 1713 3825 1717 3825 1717 3825 1722 3825 1722 3825 1722 3825 1779 3838 1823 3847 1858 3833 1897 3820 1897 3820 1902 3820 1902 3820 1906 3820 2099 3829 2359 3842 2442 3820 2486 3811 2490 3811 2490 3811 2495 3811 2495 3811 2569 3820 2728 3838 2772 3816 2785 3807 2785 3807 2785 3807 2789 3807 2789 3807 2789 3807 2793 3807 2793 3807 2798 3807 2798 3807 2815 3811 2868 3833 2947 3811 2965 3807 2969 3807 2969 3807 2969 3807 2974 3807 2974 3807 2978 3807 2978 3807 2978 3807 2982 3807 2982 3811 3026 3833 3281 3833 3360 3803 3378 3904 3369 3943 1893 3943 1757 3974 1752 3974 1752 3974 1752 3974 1748 3974 1748 3974 1748 3974 1744 3974 1744 3974 1647 3948 1524 3978 1524 3978 1519 3978 1519 3978 1006 3987"/></Shape>
	    <String CONTENT="Cilicia, alij in Syria dicunt esse. Ex Strabone, Pli"
                    HPOS="997"
                    VPOS="3803"
                    WIDTH="2381"
                    HEIGHT="184"></String>
          </TextLine>

          
          
          <TextLine ID="eSc_line_48561a99"
                    TAGREFS="LT85"
                    BASELINE="1001 4066 1796 4035 3413 4044" 
                    HPOS="992"
                    VPOS="3926"
                    WIDTH="2421"
                    HEIGHT="184">
            <Shape><Polygon POINTS="1001 4066 992 3978 1234 3974 1300 3939 1300 3939 1300 3939 1304 3939 1304 3939 1309 3939 1309 3939 1309 3939 1313 3939 1313 3939 1313 3939 1317 3939 1357 3970 1410 3930 1410 3930 1414 3930 1414 3930 1418 3930 1418 3930 1418 3930 1423 3930 1423 3930 1423 3930 1427 3930 1546 3970 1585 3934 1585 3934 1590 3934 1590 3934 1590 3934 1594 3934 1594 3934 1599 3934 1599 3934 1599 3934 1603 3934 1603 3934 1603 3934 1660 3965 1691 3934 1691 3930 1691 3930 1695 3930 1695 3930 1695 3930 1700 3930 1700 3930 1700 3930 1704 3930 1704 3930 1708 3930 1836 3961 2051 3930 2051 3930 2055 3930 2055 3930 2055 3930 2060 3930 2060 3930 2064 3930 2108 3956 2135 3934 2135 3930 2135 3930 2139 3930 2139 3930 2139 3930 2143 3930 2143 3930 2148 3930 2148 3930 2363 3952 2398 3926 2398 3926 2402 3926 2402 3926 2402 3926 2407 3926 2407 3926 2411 3926 2618 3926 2618 3926 2618 3926 2622 3926 2622 3926 2622 3926 2627 3926 2627 3926 2675 3965 2789 3926 2793 3926 2793 3926 2798 3926 2859 3926 2859 3926 2859 3926 2864 3926 2864 3926 2864 3926 2868 3926 2868 3926 2868 3930 2912 3970 3018 3970 3057 3939 3061 3939 3061 3939 3061 3939 3066 3939 3066 3939 3066 3939 3070 3939 3408 3970 3413 4044 3404 4075 3127 4066 3092 4084 3053 4101 3053 4101 3053 4101 3048 4101 3048 4101 3048 4106 2934 4106 2930 4101 2930 4101 2925 4101 2925 4101 2925 4101 2895 4084 2859 4066 2666 4088 2649 4088 2649 4088 2644 4088 2644 4088 2640 4088 2640 4088 2640 4088 2640 4088 2635 4088 2605 4066 2569 4088 2552 4101 2547 4101 2547 4101 2547 4101 2543 4101 2543 4101 2543 4106 2407 4106 2402 4101 2402 4101 2398 4101 2398 4101 2394 4101 2394 4101 2385 4093 2350 4071 2143 4071 2025 4097 1981 4106 1981 4106 1981 4106 1976 4106 1976 4106 1972 4106 1972 4106 1972 4106 1954 4097 1897 4071 1695 4071 1642 4093 1642 4093 1638 4093 1638 4093 1638 4093 1634 4093 1634 4093 1502 4075 1414 4106 1414 4106 1414 4106 1410 4106 1410 4106 1410 4106 1001 4110"/></Shape>
	    <String CONTENT="nio, Stephano, Isaacio, Eustatbio, Landino, Varino"
                    HPOS="992"
                    VPOS="3926"
                    WIDTH="2421"
                    HEIGHT="184"></String>
          </TextLine>

          
          
          <TextLine ID="eSc_line_448a4f40"
                    TAGREFS="LT85"
                    BASELINE="992 4189 1581 4189" 
                    HPOS="988"
                    VPOS="4101"
                    WIDTH="593"
                    HEIGHT="141">
            <Shape><Polygon POINTS="992 4189 988 4119 1577 4101 1581 4189 1581 4216 992 4242"/></Shape>
	    <String CONTENT="Volaterrano"
                    HPOS="988"
                    VPOS="4101"
                    WIDTH="593"
                    HEIGHT="141"></String>
          </TextLine>

          
          
          <TextLine ID="eSc_line_66c203aa"
                    TAGREFS="LT85"
                    BASELINE="694 4308 1691 4264 3338 4229" 
                    HPOS="680"
                    VPOS="4114"
                    WIDTH="2658"
                    HEIGHT="229">
            <Shape><Polygon POINTS="694 4308 680 4176 909 4172 913 4172 913 4172 918 4172 918 4172 918 4172 918 4172 922 4172 922 4172 966 4207 1621 4163 1809 4154 1814 4154 1814 4154 1814 4154 1818 4154 1818 4154 1823 4154 1823 4154 1831 4163 1853 4180 1893 4163 1910 4154 1910 4154 1915 4154 1915 4154 1915 4154 1919 4154 2020 4158 2227 4176 2350 4158 2407 4150 2407 4150 2411 4150 2411 4150 2411 4150 2460 4154 2521 4167 2534 4154 2556 4136 2556 4132 2556 4132 2561 4132 2561 4132 2561 4132 2565 4132 2565 4132 2569 4132 2569 4132 2569 4132 2574 4132 2574 4132 2631 4154 2653 4163 2701 4154 2895 4114 2895 4114 2895 4114 2899 4114 3329 4150 3338 4229 3334 4264 694 4343"/></Shape>
	    <String CONTENT="70 Ænas Macedoniae fluuius, Vagiussa dicitur. Ex Iouio"
                    HPOS="680"
                    VPOS="4114"
                    WIDTH="2658"
                    HEIGHT="229"></String>
          </TextLine>

          
          
          <TextLine ID="eSc_line_1de0e147"
                    TAGREFS="LT85"
                    BASELINE="707 4409 1893 4374 3301 4360" 
                    HPOS="694"
                    VPOS="4259"
                    WIDTH="2605"
                    HEIGHT="198">
            <Shape><Polygon POINTS="702 4404 694 4334 883 4330 887 4325 931 4295 935 4295 935 4295 935 4295 940 4295 940 4295 940 4295 1313 4290 1317 4290 1317 4290 1322 4290 1414 4312 1436 4317 1506 4312 1757 4281 1757 4281 1761 4281 1761 4281 1766 4281 1766 4281 1814 4303 1831 4308 1853 4299 1928 4277 1932 4277 1932 4277 1932 4277 2178 4273 2183 4273 2183 4273 2187 4273 2187 4273 2187 4273 2192 4273 2214 4290 2227 4299 2275 4290 2341 4277 2341 4277 2341 4277 2345 4277 2345 4277 2345 4277 2350 4277 2381 4286 2424 4299 2504 4281 2578 4268 2578 4268 2578 4268 2583 4268 2583 4268 2666 4277 2754 4290 2842 4273 2921 4259 2921 4259 2921 4259 2925 4259 2925 4259 2930 4259 2930 4259 2956 4273 2996 4286 3285 4264 3299 4356 3294 4382 3044 4387 3044 4391 3009 4422 3009 4426 3009 4426 3004 4426 3004 4426 3004 4426 3000 4426 3000 4426 2930 4431 2930 4435 2837 4435 2833 4431 2833 4431 2829 4431 2829 4431 2829 4431 2824 4431 2824 4431 2785 4400 2780 4396 2754 4400 2574 4426 2574 4426 2569 4426 2569 4426 2569 4426 2565 4426 2565 4426 2565 4426 2561 4426 2530 4404 2525 4404 2258 4404 2244 4413 2218 4435 2218 4439 2218 4439 2214 4439 2214 4439 2209 4439 2209 4439 2209 4439 2205 4439 2205 4439 2200 4439 2200 4439 2200 4439 2196 4439 2161 4413 2143 4409 1937 4409 1691 4409 1651 4431 1594 4453 1594 4453 1590 4453 1590 4453 1590 4453 1585 4453 1585 4453 1585 4453 1581 4453 1581 4453 1577 4453 1541 4431 1537 4431 1537 4431 1524 4448 1519 4448 1519 4453 1519 4453 1515 4453 1515 4453 1511 4453 1511 4453 1511 4453 1405 4457 1401 4457 698 4453"/></Shape>
	    <String CONTENT="71 Ænesisphyra portus Marmaricae, Nesisphyra a"
                    HPOS="694"
                    VPOS="4259"
                    WIDTH="2605"
                    HEIGHT="198"></String>
          </TextLine>

          
          
          <TextLine ID="eSc_line_b4db0ec3"
                    TAGREFS="LT85"
                    BASELINE="1023 4505 2135 4492" 
                    HPOS="1014"
                    VPOS="4396"
                    WIDTH="1121"
                    HEIGHT="158">
            <Shape><Polygon POINTS="1023 4505 1014 4439 1498 4431 1498 4426 1528 4400 1528 4400 1528 4400 1533 4400 1533 4400 1537 4400 1537 4400 1537 4400 1541 4400 1541 4400 1541 4400 1546 4400 1546 4400 1550 4400 1581 4422 1612 4400 1616 4400 1616 4400 1616 4400 1621 4400 1621 4400 1621 4400 1625 4400 1625 4400 1752 4418 1774 4400 1774 4396 1774 4396 1779 4396 1779 4396 1779 4396 1783 4396 1783 4396 1783 4396 1787 4396 2126 4418 2135 4492 2130 4514 1726 4545 1722 4545 1722 4545 1638 4532 1541 4519 1471 4540 1449 4545 1445 4545 1445 4545 1445 4545 1440 4545 1440 4545 1436 4545 1436 4545 1436 4545 1432 4545 1427 4540 1396 4523 1353 4545 1335 4549 1335 4549 1331 4549 1331 4549 1331 4549 1326 4549 1326 4549 1282 4545 1107 4523 1027 4554"/></Shape>
	    <String CONTENT="Straboone appellatur."
                    HPOS="1014"
                    VPOS="4396"
                    WIDTH="1121"
                    HEIGHT="158"></String>
          </TextLine>

          
          
          <TextLine ID="eSc_line_4cc810f4"
                    TAGREFS="LT85"
                    BASELINE="690 4632 2297 4589 3066 4549 3233 4562" 
                    HPOS="676"
                    VPOS="4457"
                    WIDTH="2552"
                    HEIGHT="220">
            <Shape><Polygon POINTS="689 4628 676 4558 817 4523 817 4523 817 4523 821 4523 1243 4540 1304 4540 1309 4536 1335 4514 1335 4510 1335 4510 1339 4510 1339 4510 1339 4510 1344 4510 1344 4510 1348 4510 1348 4510 1348 4510 1476 4532 1493 4536 1498 4532 1524 4505 1524 4505 1524 4501 1524 4501 1528 4501 1528 4501 1533 4501 1533 4501 1533 4501 1537 4501 1537 4501 1537 4501 1541 4501 1541 4501 1546 4501 1590 4527 1594 4532 1629 4527 1823 4501 1823 4501 1827 4501 1827 4501 1994 4519 2020 4519 2025 4519 2060 4492 2064 4492 2064 4492 2064 4492 2069 4492 2069 4492 2069 4492 2073 4492 2315 4510 2359 4510 2363 4505 2389 4479 2389 4479 2389 4475 2389 4475 2394 4475 2394 4475 2394 4475 2398 4475 2398 4475 2402 4475 2402 4475 2402 4475 2407 4475 2504 4501 2521 4505 2578 4501 2952 4457 2956 4457 3048 4457 3048 4457 3048 4457 3053 4457 3053 4457 3053 4457 3057 4457 3057 4461 3088 4483 3092 4488 3220 4483 3228 4558 3224 4589 3009 4584 2987 4598 2960 4620 2960 4620 2956 4620 2956 4620 2956 4620 2952 4620 2952 4620 2947 4620 2947 4620 2947 4620 2943 4620 2943 4620 2943 4620 2938 4620 2938 4620 2938 4615 2921 4598 2908 4589 2824 4589 2772 4602 2679 4628 2675 4628 2675 4628 2670 4628 2670 4628 2670 4628 2556 4606 2517 4602 2508 4611 2477 4633 2477 4633 2473 4633 2473 4633 2468 4633 2468 4633 2468 4633 2464 4633 2464 4633 2464 4633 2460 4633 2398 4615 2108 4646 2108 4646 2104 4646 2104 4646 1985 4624 1959 4620 1928 4624 1823 4646 1823 4646 1823 4646 1818 4646 1818 4646 1814 4646 1748 4628 1726 4624 1713 4628 1682 4650 1678 4650 1678 4650 1673 4650 1673 4650 1673 4650 1669 4650 1669 4650 1577 4633 1541 4628 1519 4637 1440 4663 1440 4663 1436 4663 1436 4663 1432 4663 1432 4663 1427 4663 1427 4663 1375 4646 1107 4677 1107 4677 1102 4677 685 4655"/></Shape>
	    <String CONTENT="72 Ænianes populi in Ponta, Parsij ſunt. Ex Stephano"
                    HPOS="676"
                    VPOS="4457"
                    WIDTH="2552"
                    HEIGHT="220"></String>
          </TextLine>

          
          
          <TextLine ID="eSc_line_4ed03e74"
                    TAGREFS="LT85"
                    BASELINE="931 4716 1568 4690 3481 4681" 
                    HPOS="922"
                    VPOS="4584"
                    WIDTH="2557"
                    HEIGHT="180">
            <Shape><Polygon POINTS="926 4712 922 4628 1445 4628 1471 4620 1519 4598 1519 4598 1524 4598 1524 4598 1524 4598 1528 4598 2007 4611 2328 4620 2359 4606 2385 4593 2385 4593 2385 4593 2389 4593 2389 4593 2394 4593 2600 4593 2600 4593 2600 4593 2605 4593 2605 4593 2605 4593 2609 4593 2622 4602 2644 4620 2745 4620 2763 4602 2772 4593 2772 4589 2772 4589 2776 4589 2776 4589 2776 4589 2780 4589 2780 4589 2780 4589 3105 4584 3110 4584 3110 4584 3114 4584 3158 4593 3220 4611 3466 4593 3479 4677 3470 4725 3338 4712 3272 4729 3228 4743 3224 4743 3224 4743 3224 4743 3220 4743 3075 4734 2833 4716 2789 4738 2767 4747 2767 4747 2767 4747 2763 4747 2763 4747 2758 4747 2758 4747 2688 4738 2574 4725 2525 4743 2499 4751 2499 4751 2495 4751 2495 4751 2495 4756 2244 4756 2240 4751 2240 4751 2209 4747 2121 4729 2025 4751 1990 4756 1990 4756 1990 4756 1985 4756 1985 4756 1981 4756 1959 4751 1893 4734 1875 4751 1871 4756 1871 4756 1867 4756 1867 4756 1867 4756 1862 4756 1862 4756 1858 4756 1858 4756 1809 4751 1533 4725 1498 4751 1498 4756 1498 4756 1493 4756 1493 4756 1489 4756 1489 4756 1489 4756 1489 4756 1269 4760 1265 4760 1265 4760 1260 4760 1260 4760 1260 4760 1168 4729 926 4764"/></Shape>
	    <String CONTENT="Enianes populi Thessaliae, qui ad Ossam habitabm cma"
                    HPOS="922"
                    VPOS="4584"
                    WIDTH="2557"
                    HEIGHT="180"></String>
          </TextLine>

          
        </TextBlock>
        
        <TextBlock HPOS="1458"
                   VPOS="574"
                   WIDTH="419"
                   HEIGHT="151"
                   ID="eSc_textblock_2b8721c6"
                   TAGREFS="BT99">
          <Shape><Polygon POINTS="1458 600 1458 725 1877 725 1862 574"/></Shape>
          
          
          <TextLine ID="eSc_line_88cccb8f"
                    TAGREFS="LT41"
                    BASELINE="1492 698 1821 683" 
                    HPOS="1476"
                    VPOS="548"
                    WIDTH="342"
                    HEIGHT="176">
            <Shape><Polygon POINTS="1489 693 1476 553 1805 548 1818 680 1814 724 1484 715"/></Shape>
	    <String CONTENT="Liber"
                    HPOS="1476"
                    VPOS="548"
                    WIDTH="342"
                    HEIGHT="176"></String>
          </TextLine>

          
        </TextBlock>
        
        <TextBlock HPOS="3202"
                   VPOS="4715"
                   WIDTH="238"
                   HEIGHT="136"
                   ID="eSc_textblock_743fe228"
                   TAGREFS="BT100">
          <Shape><Polygon POINTS="3202 4715 3202 4851 3440 4851 3440 4715"/></Shape>
          
          
          <TextLine ID="eSc_line_0aa9dd10"
                    TAGREFS="LT85"
                    BASELINE="3225 4794 3421 4802" 
                    HPOS="3220"
                    VPOS="4703"
                    WIDTH="197"
                    HEIGHT="141">
            <Shape><Polygon POINTS="3224 4791 3220 4712 3413 4703 3417 4800 3413 4817 3220 4844"/></Shape>
	    <String CONTENT="per"
                    HPOS="3220"
                    VPOS="4703"
                    WIDTH="197"
                    HEIGHT="141"></String>
          </TextLine>

          
        </TextBlock>
        
        <TextBlock HPOS="738"
                   VPOS="1686"
                   WIDTH="13"
                   HEIGHT="13"
                   ID="eSc_textblock_31c6aa80"
                   TAGREFS="BT98">
          <Shape><Polygon POINTS="738 1699 738 1686 751 1686 751 1699"/></Shape>
          
        </TextBlock>
        

        
      </PrintSpace>
    </Page>
  </Layout>
</alto>
