3689 5270
1014 544 2301 198 Srechyiheo autem regncnte Erechtheida, t Athecienm

1010 671 2310 172 cati fuere, deinde Iarnes, et Iones ab Ione Apollinis, cou

1014 759 2310 198 Xuthi filio, qui Dux extitit Atheniensis exercitus: phaleres e

1005 865 2328 206 à phalero eorum nauale Ex Strabone, Stephan, Eusta

1014 970 830 132 Volaterrano, Varino.

970 1049 2328 154 thena Boertiae urbs in ſtugno Cratis flacuss trabibus imposit

1014 1155 1568 127 Boeotis Orchomenus dicitur. Ex Stephano

948 1212 2372 180 Hihena in Acarnania urbs al Athenicnsibus condita, Eurin

992 1335 659 123 dicitur. Ex eolens

720 1352 2595 185 355 Athenaeuo promontorium Italiae in Campania, in qur fuo

979 1475 2341 163 Mineruae ſacellum Vyssis opus : prenussum ab alijs uocu

988 1563 1554 154 nunc Campanella. Ex Strabone, Iouio

724 1642 2385 176 356 Athmatha fldlaeae urbs, Humeta cicitur. Ex Roberto.

733 1765 2573 158 357 Ichos, et Athon Thruciae mors ab Athone, uel Atha Gi

979 1879 2332 154 te Neptuni, et Rodopes fli muncupatus, ut ait Nicans

983 1976 2319 167 in mare excurrens, et Solstitio umbram in Lemnum us

983 2081 2328 176 umist ms per Stadia trecentum, ue, ut Pliaius. ſcribr

988 2200 2336 162 87 M. p. olim a Xerxe ostentationis magis, quam no

988 2318 2323 185 ſitatis causa eſosus : nunc est Mons Sanctus, in qua

974 2437 2346 180 fuit urbs et ipsa Athes nuncupata, quam plinius As

983 2533 2328 211 thon appellat. Ex Herodoto, Plinio ipso, Steph. Oliuaro

715 2613 2596 254 358 Achyras Thraciae fluuius prope Byzaatium, Iydaras est, ue

966 2740 2349 224 Athira. Nymphodorus Athyram collocat in Scythia, quonio

1005 2837 2301 232 Thraciae pars uocabatur Scythia, et populi Scythae. Ex

983 2929 1252 167 Stephano, Sophiano, Munstero

729 2977 2573 250 359 Atlagi nons in Aphrica ab Aclaute dictus, a Barbaris :

957 3113 2341 193 ris, quonoec et apuo Martianum Capellam legenium es

957 3201 2336 211 cio incolis Columna Caeli uocatuo, nunc Caput dn No

961 3293 2345 251 est q in interiori Libya. Ex Herodoto, Strabono, uli

961 3407 1050 185 ranr, Ioanut Sconnero

878 3482 2420 228 Ailas ninor mons in Aphrica proxinmus columnis Hercuo

992 3592 1353 193 odie Lante dicitur. Ex Oliuario

557 3675 2719 259 322i Atebatee, Ataebats cee Galliae popula eraenm, ubi nemc est

992 3794 2288 228 gio Alrtois inter Ambiacos, et Mhorinos . Ex Munsta

685 3842 1304 211 310 Atrannitae popui Feliutis Arab

693 4022 295 167 361 Arcx

983 3996 835 136 untur. Ex Stephano

2108 3970 1181 144 ab Artemidoro Atramotitae

1084 4079 2192 216 1 urbs Thesaliae, Atracia etiam ricta ab Atraca

944 4158 896 194 Penei filio, Atraga

698 4264 2586 241 312 Atrebatus, Atrebatij ue Galliae populi, erant ub : nunc est

2059 4242 571 149 . Ex eodem.

952 4382 2350 259 Degio Artois inter Aubianos, et Morinis. Ex Munstuo
