3698 5413
1061 617 2519 222 196 Ciraes apudtm i cdius nontis Sceerum, ubs Cerums

1368 762 2230 185 etiam habuit templum, Sancta felicitas est. Ex Strabo

1363 870 289 135 Blond

1074 915 2524 185 197 Cires Aphricae opp. Cirtesiorum, Iubae, Syphucis q. Ray

1381 1037 2213 135 domus, Constantina nunc uocantur. Ex Strabone, Iici⟩

1088 1127 2402 163 398 Cisamus Eretae urbs, Ephitisa est. Ex Munstero

1106 1217 2497 172 199 Cissa Cappadociae fluuius, quisa uulg dicitur. Ex Roba

1088 1339 2519 145 200 Cisse Aphricae urbs in Mauritania Caesariensi, Cera

1372 1429 2014 158 ſiue Cisi appellatur. Ex Munſtero, Castaldo.

1106 1538 2488 144 cot Citiharistes Galliae Narbonensis promontorium, Cistertu

1368 1610 2230 176 est : quo loco Robertus, et Ardingus Angli Monacs

1377 1723 2235 171 ſtertienses ſodales institure anno MXcrist. Ex ete

1350 1840 677 131 tio, Munstero

1101 1871 2488 185 2 Ciuario acaſliae urbs, Viuarensis Ciuitas est. Ex Volatet

1083 2002 2321 154 203Cizara Armeniae urbs, Cirrha a Ruſfo uocatar.

1106 2088 2497 158 204 Clanis Æthrniae filuuius, est Chiana: et ab eo Vallis

1341 2178 2266 176 chianae dicitur regrio inter Aretium, Cortonam,

1350 2309 1824 158 ſium, et Montempolitianum. Ex Leandro

1101 2408 2506 158 205C Iarinaea Galliae Belgicae opp. Gandauum est in Na

1350 2503 2262 171 nulgoq. Gant Caroli quinti Caesaris natale Solun⟨

1336 2616 1106 153 Ex Meyero, Appiano.

1088 2697 2424 167 2066 lastidium Italioopp. Clastigium est. Ex Oliuerio.

1273 2778 2334 181 Elastidium Italiae flnuius alio nomine Trebia dicic

1350 2886 817 131 Ex Volaterrano

1079 2936 2533 212 207 Clasherna opp. in Gallia Togata prope Bononiam, C

1350 3067 2262 194 terna a Strabone dicitur, Cliternum a plinio, u

1336 3193 1029 122 rula nunc quaderna¬

1101 3247 2506 190 208 Claudiomerium Artabrorum Cuitus in Hispania, C

1336 3374 1102 153 nes est. Ex Munstero

1119 3410 2488 243 207 Claudiuium Horici opp. Claudiam appuilat Plinius,

1332 3550 2271 189 Laurianum, uulgo Closterneubur,, uel certi C⟨⟩

1368 3653 2253 217 genfurt Carimhiae metropolio. Ex Roberto, Lazi

1061 3734 2555 217 210 Claudus Insula prope Cretam, Gaudos etiam dictia

1322 3865 1770 199 nunc portus Gabosus. Ex Munſtero

1088 3942 2533 235 u11 Clazomenae Asiae urbsrab Ione Atheniense condita, A⟨

1327 4082 2294 198 Magorae patria, Grina est. Ex Steph Volatereorn

1313 4181 411 117 Casturto

1070 4235 2542 230 212 Clides Cypi promontorium, est Caput Boni Andrria

1304 4389 2132 175 uel Sancti Andreae. Ex Bordono, Munstero

1065 4483 2547 244 5 Citernu, et Cliternia Æquicolorum opp. Celanu
