3681 5350
1441 588 517 250 uinui

1981 566 865 214 gde aui euito E

1320 811 1598 134 em persequente, dicta ab una ex qu

2097 753 892 116 e abrupta a Neptun

1093 869 1883 165 us, quae in ea est : olim porphyris a pu pe

762 985 121 138 qu

954 980 1254 107 in ipſa ſunt, nunc Nisarus

2288 994 665 133 XXX M. P. aro

959 1052 1927 156 osa nimium, duraq. Eustathius, et Varinus

1035 1136 1914 152 eum ſecatus, hunc Insulam etiam appellan

597 1185 148 197 qus

1289 1226 1655 165 tamen Nisynus alia ſit a Capath

584 1324 2334 169 teste Strabone, Plimo, Stephano, alijs q. Ex illis, et

588 1435 402 134 Bordono

356 1435 2245 227 48 Noba Syriae urbs, Oethnopolis est. Ex Brocardo

370 1511 2601 245 49 Nora Castellum munitum Cappadociae, Neroassus postea

584 1613 2467 201 dictus, in quo Eumenes obsſessus fuit : et in quo etiam

611 1712 2445 213 Siſinus, qui Cappadociae imperium inciast, thesauos

606 1832 1205 183 conſeruabat. Ex Strabone

370 1885 2699 192 50 Norba Caesarea Lusitaniae ciuitas, Alcantara e EMaſto.

383 1992 2664 179 31 Northuensis Germaniae urbs in Norico, Norimberga est

615 2108 2441 147 quam Noricam aliqui appellatam dicunt, uel Noracum

615 2175 2445 192 Otho Fisigntis castrum Nericum, alij SegaEsegodunum

629 2278 1664 160 Ex illo, Munstero, caurito, Castaldo.

397 2327 2583 191 12 Noſtia, et Nostea apud Theopompum in 3t phicppicoru

615 2420 2383 210 pagus in Acadia, quem Ephorus Estianiam nuncupa

620 2510 2382 196 ut ait Stephanus, uel Nestaniam, quomodo apud ipsum

624 2603 2401 210 ſcuibendum uidetur : quoniam Nestanios populos abho

687 2710 2320 201 ago ipse etiam Ephorus appellat. Ex Stephano, Varino

406 2790 2610 206 35 Notiane Hyberniae promontorium, Caput mris est. Ex

414 2969 844 120 44 Houamoenia op

1258 2875 1744 187 p. Europae in Sarmatia, Album, Munſ

646 2982 2200 174 castrum digitur, et uulgo Vuiſemburg. Ex eodem

419 3053 2668 188 55 Nouanton pherrhonesus, et promontonrium in Britan

633 3156 2436 161 nia : cherrhonesus Cochermonth, pomontorium Crean

633 3272 1455 147 ter diciustr, uel Terrae caput. Ex

437 3267 2641 223 56 Nouesium Germaniae opp. etassia Enisurepiys. Ex crantio ⟨⟨⟩

446 3397 2298 174 57 Nouigr, adum Epiri Ciuitas, castorium est. Ex Lazii

459 3481 2592 170 18 Nouiodunum Galliae opp. Bractus, uel Noion dicitur. Ex Mar

638 3584 798 165 liano, Rhellicano

580 3562 2485 281 Nouiodunum in Iapidia, Nenuburgum appellatu. Ex Lazico

446 3664 2614 245 59 Nouiomagus Germaniae opp. ad Rhenum, Ingelhayn E Ex eod

437 3758 2628 267 10 Nouium Artabrorum opp. in Hisſpania, Noia di. Ex Mun

432 3901 2378 196 di Nouius Britanniae fluuius, Cloit uocatur. Ex eoden

441 3958 2584 232 62 Nouus portus in Britannia Rhiae portus est. Ex Iouio

450 4048 2628 200 63 Nucatum promontorium in Dritannia, Dolla est in Scotia

646 4222 469 124 Ex eodem

437 4132 2588 295 4 Nuderia Vembriae urbs, quam philistus in Æthruria collo

673 4257 2164 237 ct, Nacria etiam dicta. Ex Stephano, Blondo

602 4333 2494 254 Nucedia in Apulia, Luceria a Dionysiò dicitur, a pofi

704 4444 2379 228 bio Lucaria, ab Annibale incensa, a constante Caesane

713 4583 1031 174 uersa. Ex illis, Stephan
