3681 5350
339 526 2637 249 73 Scatones in Æthruria populi fuisse uidentur, ubinunc est

593 664 2405 192 Scarlinum uile oppidulum Senensium. Ex Volaterrano

343 749 1361 160 76 Scepas portus in Ithaca In

602 811 2320 178 1 Isaacio in Lycophronem : Rhethros etiam dicitur

379 909 2632 210 77 Scepsis Troadis Giuitas, ut Rhea ſinxit ſe pro filio pepe

597 1043 2432 160 risse lapidem, et a otcii f aeai propterea dicta : pa¬

615 1159 2383 142 laescepsis etiam nuncupata. Sed palaeſcepsis uiditur

611 1239 2400 174 ſic uocari ad diferentiam nouae Scepsis Sexaginto

615 1341 2374 183 ſtadis ab antiqua ditantis : quam palaescepsim ci

633 1431 2289 196 percope Persiae Rex Themiſtocli dedit ad licti, et

629 1538 2324 178 uesti mentorum usum Eamq. fuisse Æneae regpiam

624 1627 2401 183 putat Demetrius Scepſius : in noua autem Scepsi ri

633 1729 2374 188 gnasse dicunt Scamandrum Hectonis, et Ascanium

646 1823 2338 209 Æneae filios, eorumq. posteros diutins. Ex Strabonr

633 1970 843 147 Eustathio, Ænece

410 2001 2601 201 78 Scesitona Hispaniae regio, Contestana uocata, Contesta

624 2126 2436 125 nia, Manetania, et Heitania, nunc Contetaina. Ex

655 2202 1058 143 Beutero, Mario Aretio

388 2220 2592 232 99 Scodra Dalmatia urbs, Scutari est, Scanderberhi uiri fortis

660 2358 1008 169 ſimi patria. Ex Munst

423 2394 2561 240 30 Scordisu fuere inter Ilyicos, ubi Galatae uocabantur : Seg

651 2518 2347 192 a Romanis Superati, ad Rhni Insulas peruenere : et

646 2688 2263 116 cliqu eorum in Pamnorii conoi,

646 2706 2347 196 pantem incoluerunc in duas partes diuisi, Magni, et

655 2786 2428 196 parui uocati. Scordisci Magni habitabant inter Noa

655 2880 2405 200 rum, et Martum a lilela Bargum fluuios Istrum illa¬

669 2982 2427 187 bentes : parui autea ubo Istrra Triballis, et Moesij finiti

660 3089 2253 152 mi : qui adeo ⟦auuti sunt, ut dilatarentur usq. ad Illyricos

660 3187 2298 161 Pceonicos, et Thracios fuines : et hi nunc Rasci dicuntur in

660 3276 2302 170 tr Saum, et Danubium : a Germanis Raczen appellati,

664 3374 1455 170 Ex Strabone, Appiano, Munstero

414 3428 2637 205 81 Scturgum Germaia opp. Schmelen est, uel Grandnek inter

651 3557 1214 161 Carnos. Ex Munstero, Lazio

419 3580 2606 245 82 Scyliacium in ſine Adriatico Atheniensi um colonia, SSylle¬

646 3713 2276 188 tium ab ipsis dictum, Squilazeo oicitur, ſicuc et pro

660 3794 2369 191 montorium Scylacium. Ex Strab. Plimo, Oliuaio, Munſt

446 3869 2596 228 33Scylla ſaxum ini Siato niari Italiam et Rhegium uersus

664 3963 2378 205 contra Charybdim aliud Sax um uersus Messemm, ec

700 4070 2342 196 Siciliam : in quo, ſunt cauernae feris maritinis reple

682 4150 2383 205 tae : a Scylla ſhorcys fili ditum, quam Circe in fe

691 4266 2360 205 ram deformasse dicitur amore Glauci : nunc appellatur

736 4369 2208 223 Sciglium a propinquo pomontoro. Ex Pliuo, Sercuo

696 4520 718 161 Valbo,sunnster

2833 4471 143 219 Spy
