3698 5413
1255 663 677 126 Liber Sextus

1006 775 2552 140 1 Fabaria Insula in Oceano Germanico, a populis illis

1264 888 1404 108 Burcana uocatur. Ex Plinio

1020 965 2547 149 2 Fabaris Sabinorum fluuius, Farfarus postea dicans :

1268 1096 2312 117 que amplissimum Farfarae monazonion uocatur Ex

1264 1199 704 136 Seruio, Blondo

1038 1299 2551 153 3 Fabarium in Rhaetia, pfeffers est, uel pseuers ſalube⟨r⟩

1246 1411 2104 140 rimis aquis inſignis locus. Ex Ægidio, Lazio

1038 1506 2538 144 4 Falacrium promontorium Siciliae alij dicit esse Melazz⟨⟩

1246 1614 2393 149 alij Saxum culmum, uel Taolazzum. Nam Mellaz⟨⟩

1246 1714 2334 144 uidetur fuisse oppidum Mylas in ,ipsa Siclia. Ex Ro

1255 1817 1142 104 berto, Munſtero, Castaldo

1074 1867 2502 180 5 Falernus Campaniae ager, uiniferis collibus abundans

1246 1998 2334 144 nobiliq. uino celebris, a Munſtero creditur esse. Mons

1250 2115 2330 140 Flasconus : quem locum Volaterranus rectius dicit

1255 2259 2316 140 tenuisse Faliscos Argiuorum Colonos, quorum ur

1259 2359 2055 135 bem Faleriam Camillus obsedit Liuio teste.

1070 2444 2506 185 6 Falsiana opp. in Norico, Vuelas postea dictum, nunc

1282 2584 2276 145 Vuels, ubi obijt Maximilianus Caesar. Ex Cuspion⟨⟩

1070 2692 2528 140 7 Fanaticus ſinus in Liburnia a fanatis populis ⸤⟨⟩

1255 2801 2316 158 uocatur, a Plinio Flanaticus a Flanatibus dicitur

1259 2913 2326 154 a Stephano Phlanonicus a Phlanone urbe, et por

1246 3035 2325 163 tu cira Insulam Apsyrtum : a Bucatio polaticus ab

1246 3162 2325 157 urbe Pola, nunc Quernarius, et uulgo Carnarius

1237 3265 2343 181 et Carnerus a Carnis montibus, uel ob repenti :

1237 3392 2348 171 num maris impetum homnes absorbentem. Cuius

1237 3482 2357 207 quidem ſinus longitudo est Ex. M. P. Iatitudo ue⟨⟩

1259 3613 1951 207 XXX M. Ex illis, Hermola, Petro Copo.

1043 3689 2551 257 8 Fanum fortunae Semnonum urbs in Italia a Romanis

1246 3811 2379 239 condita, a Mela Fanestris colonia dicta, a Stephano

1250 3915 2348 262 Phana, nunc Fano a Totila euersa, et a Beliſa

1255 4037 1372 162 rio inſtauratae. Ex Blondo

1033 4127 2534 239 9 Fauianis pannoniae urbs olim a Romanis habitata,

1255 4240 2339 243 Fabiana, Vindobona, Viliobona, Iuliobona, Viunna

1237 4357 2357 280 Vianna, Vendium, Galbiana, Plexum, Hyenisq. dicta

3467 4587 127 144 nunc
