<?xml version="1.0" encoding="UTF-8"?>
<alto xmlns:xsi="http://www.w3.org/2001/XMLSchema-instance"
      xmlns="http://www.loc.gov/standards/alto/ns-v4#"
      xsi:schemaLocation="http://www.loc.gov/standards/alto/ns-v4# http://www.loc.gov/standards/alto/v4/alto-4-2.xsd">
  <Description>
    <MeasurementUnit>pixel</MeasurementUnit>
    <sourceImageInformation>
      <fileName>Cod_174_f084v.tif</fileName>
      
    </sourceImageInformation>
  </Description>
  
  <Tags>
    <OtherTag ID="BT98" LABEL="MainZone" DESCRIPTION="block type MainZone"/><OtherTag ID="BT99" LABEL="RunningTitleZone" DESCRIPTION="block type RunningTitleZone"/><OtherTag ID="BT100" LABEL="QuireMarksZone:catchwords" DESCRIPTION="block type QuireMarksZone:catchwords"/><OtherTag ID="BT101" LABEL="TitlePageZone" DESCRIPTION="block type TitlePageZone"/><OtherTag ID="BT110" LABEL="MarginTextZone:note" DESCRIPTION="block type MarginTextZone:note"/><OtherTag ID="BT111" LABEL="NumberingZone:page" DESCRIPTION="block type NumberingZone:page"/>
    <OtherTag ID="LT41" LABEL="headingLine" DESCRIPTION="line type headingLine"/><OtherTag ID="LT43" LABEL="InterlinearLine:correction" DESCRIPTION="line type InterlinearLine:correction"/><OtherTag ID="LT85" LABEL="DefaultLine" DESCRIPTION="line type DefaultLine"/>
  </Tags>
  
  <Layout>
    <Page WIDTH="3698"
          HEIGHT="5310"
          PHYSICAL_IMG_NR="184"
          ID="eSc_dummypage_">
      <PrintSpace HPOS="0"
                  VPOS="0"
                  WIDTH="3698"
                  HEIGHT="5310">
        
        <TextBlock HPOS="921"
                   VPOS="566"
                   WIDTH="2706"
                   HEIGHT="4066"
                   ID="eSc_textblock_ccde4cfd"
                   TAGREFS="BT98">
          <Shape><Polygon POINTS="3609 4597 1364 4632 1240 4597 1204 4336 1009 4243 1027 4159 1222 4084 1222 3522 992 3393 992 3309 1151 3203 1009 3163 974 3044 1147 2973 1169 2867 974 2774 938 2230 1027 2141 1186 2119 1204 1699 1169 1433 956 1323 938 1097 1116 955 974 915 921 637 1062 584 2143 566 3627 601 3609 4597"/></Shape>
          
          
          <TextLine ID="eSc_line_af42697c"
                    TAGREFS="LT85"
                    BASELINE="952 677 1713 650 3587 650" 
                    HPOS="938"
                    VPOS="486"
                    WIDTH="2649"
                    HEIGHT="226">
            <Shape><Polygon POINTS="952 677 938 588 1111 495 1111 495 1111 495 1116 495 1116 495 1120 495 1120 495 1120 495 1124 495 1124 495 1124 495 1129 495 1244 575 1248 579 1266 575 1350 553 1355 553 1355 553 1359 553 1359 553 1364 553 1430 570 1474 579 1505 566 1532 553 1532 553 1532 553 1536 553 1536 553 1536 553 1541 553 1647 561 1784 570 1811 553 1833 535 1833 535 1837 535 1837 535 1837 535 1842 535 1842 535 1846 535 1846 535 1846 535 1851 535 1851 535 1851 535 1882 553 1926 575 1979 553 1979 553 1984 553 1984 553 1984 553 1988 553 1988 553 2130 575 2165 548 2165 544 2165 544 2170 544 2170 544 2174 544 2174 544 2174 544 2178 544 2178 544 2183 544 2183 544 2236 561 2347 531 2360 531 2364 531 2364 531 2369 531 2369 531 2369 531 2373 531 2373 531 2373 531 2378 531 2378 531 2378 531 2409 557 2426 544 2426 539 2426 539 2431 539 2431 539 2431 539 2435 539 2435 539 2440 539 2440 539 2639 557 2772 517 2798 508 2803 508 2803 508 2803 508 2807 508 2869 513 3259 548 3317 495 3325 491 3325 486 3325 486 3330 486 3330 486 3330 486 3334 486 3334 486 3339 486 3582 486 3587 650 3582 677 952 712"/></Shape>
	    <String CONTENT="2 Lanhis Italia ſuius, Mauhe est ex Vdlstaius lauſto"
                    HPOS="938"
                    VPOS="486"
                    WIDTH="2649"
                    HEIGHT="226"></String>
          </TextLine>

          
          
          <TextLine ID="eSc_line_8feadd75"
                    TAGREFS="LT85"
                    BASELINE="1209 756 1868 734" 
                    HPOS="1200"
                    VPOS="677"
                    WIDTH="668"
                    HEIGHT="115">
            <Shape><Polygon POINTS="1209 756 1200 694 1855 677 1868 734 1868 774 1209 792"/></Shape>
	    <String CONTENT="ens. Ex Annio."
                    HPOS="1200"
                    VPOS="677"
                    WIDTH="668"
                    HEIGHT="115"></String>
          </TextLine>

          
          
          <TextLine ID="eSc_line_159803f1"
                    TAGREFS="LT85"
                    BASELINE="987 849 1917 827 3596 836" 
                    HPOS="978"
                    VPOS="716"
                    WIDTH="2618"
                    HEIGHT="160">
            <Shape><Polygon POINTS="987 849 978 774 1155 747 1155 747 1160 747 1465 765 1488 747 1488 743 1488 743 1492 743 1492 743 1492 743 1496 743 1496 743 1501 743 1501 743 1501 743 1598 765 1625 743 1625 738 1625 738 1629 738 1629 738 1629 738 1634 738 1634 738 1638 738 1638 738 1638 738 1753 765 1802 725 1802 725 1806 725 1806 725 1806 725 1811 725 1811 725 1815 725 1815 725 1815 725 1820 725 1820 725 1824 725 1824 725 1864 756 1891 734 1895 734 1895 734 1895 734 1899 734 1899 734 1904 734 1904 734 1904 734 1908 734 1908 734 1908 734 1913 734 1953 765 2081 765 2125 721 2125 716 2125 716 2130 716 2130 716 2130 716 2134 716 2134 716 2139 716 2356 716 2356 716 2356 716 2360 716 2360 716 2360 716 2364 716 2364 716 2364 721 2413 769 2581 769 2612 738 2612 734 2612 734 2617 734 2617 734 2617 734 2621 734 2621 734 2621 734 2626 734 2626 734 2630 734 2719 756 2759 721 2759 716 2759 716 2763 716 2763 716 2763 716 2767 716 2767 716 2772 716 2772 716 2772 716 3011 761 3175 716 3179 716 3179 716 3184 716 3184 716 3184 716 3188 716 3188 716 3188 716 3263 756 3321 716 3325 716 3325 716 3325 716 3330 716 3330 716 3334 716 3334 716 3334 716 3339 716 3339 716 3339 716 3343 716 3379 743 3441 716 3441 716 3445 716 3445 716 3445 716 3449 716 3449 716 3454 716 3454 716 3596 769 3596 836 3591 876 983 867"/></Shape>
	    <String CONTENT="22 Larunesia Insula prope Aphricno, Insulat Conilarab⟧ dictce"
                    HPOS="978"
                    VPOS="716"
                    WIDTH="2618"
                    HEIGHT="160"></String>
          </TextLine>

          
          
          <TextLine ID="eSc_line_ea4fe7d0"
                    TAGREFS="LT85"
                    BASELINE="1222 938 3582 946" 
                    HPOS="1213"
                    VPOS="840"
                    WIDTH="2369"
                    HEIGHT="146">
            <Shape><Polygon POINTS="1222 938 1222 867 1474 867 1479 867 1527 845 1527 845 1532 845 1532 845 1532 845 1536 845 1536 845 1669 867 1678 867 1678 867 1705 845 1705 840 1705 840 1709 840 1709 840 1709 840 1713 840 1713 840 1718 840 1837 840 1837 840 1837 840 1842 840 1842 840 1842 840 1846 840 1846 840 1877 867 2178 867 2245 867 2245 867 2333 840 2338 840 2338 840 2338 840 2342 840 2342 840 2506 871 2528 871 2555 871 2719 849 2719 849 2723 849 2723 849 2723 849 2728 849 2728 849 2767 867 2790 845 2790 845 2794 845 2794 845 2794 845 2798 845 2798 845 2803 845 2803 845 2803 845 2807 845 2807 845 2869 871 2874 876 2976 876 2980 871 3011 845 3011 845 3015 845 3015 845 3015 845 3020 845 3020 845 3020 845 3024 845 3024 845 3029 845 3131 871 3131 871 3131 871 3193 845 3193 845 3197 845 3197 845 3197 845 3201 845 3578 876 3582 946 3582 960 3516 986 3516 986 3511 986 3511 986 3507 986 3507 986 3507 986 3503 986 3503 986 3503 986 3454 964 3055 964 2953 964 2953 964 2887 986 2887 986 2883 986 2883 986 2878 986 2878 986 2705 964 2705 964 2705 964 2630 986 2626 986 2626 986 2626 986 2621 986 2333 964 2263 960 2209 964 2046 982 2046 982 2041 982 2041 982 2037 982 1970 964 1948 960 1705 960 1696 964 1678 982 1678 982 1674 982 1674 982 1674 982 1669 982 1669 982 1669 982 1665 982 1213 964"/></Shape>
	    <String CONTENT="tur, et Conigtiera a cunictloruem copia. Bordonus Ze"
                    HPOS="1213"
                    VPOS="840"
                    WIDTH="2369"
                    HEIGHT="146"></String>
          </TextLine>

          
          
          <TextLine ID="eSc_line_e67eb248"
                    TAGREFS="LT85"
                    BASELINE="1226 1031 3551 1031" 
                    HPOS="1222"
                    VPOS="942"
                    WIDTH="2329"
                    HEIGHT="142">
            <Shape><Polygon POINTS="1226 1031 1222 969 1364 942 1364 942 1368 942 1368 942 1368 942 1372 942 1457 964 1682 942 1682 942 1687 942 1687 942 1691 942 1691 942 1691 942 1696 942 1696 942 1722 964 1815 942 1820 942 1820 942 1824 942 1824 942 1975 964 2134 942 2134 942 2139 942 2139 942 2139 942 2143 942 2214 964 2449 942 2449 942 2453 942 2453 942 2457 942 2457 942 2519 964 2657 942 2657 942 2661 942 3551 969 3551 1031 3551 1057 3148 1057 3148 1057 3117 1084 3117 1084 3113 1084 3113 1084 3113 1084 3108 1084 3108 1084 3108 1084 3104 1084 3104 1084 3100 1084 3100 1084 3024 1057 3024 1057 2781 1057 2781 1057 2723 1084 2723 1084 2723 1084 2719 1084 2719 1084 2714 1084 1222 1057"/></Shape>
	    <String CONTENT="molum appellari ait duosq. ſcopulos esse. Ex Nucula"
                    HPOS="1222"
                    VPOS="942"
                    WIDTH="2329"
                    HEIGHT="142"></String>
          </TextLine>

          
          
          <TextLine ID="eSc_line_115a6116"
                    TAGREFS="LT85"
                    BASELINE="978 1123 3578 1115" 
                    HPOS="974"
                    VPOS="1026"
                    WIDTH="2604"
                    HEIGHT="142">
            <Shape><Polygon POINTS="978 1123 974 1053 2701 1053 2719 1035 2723 1031 2723 1026 2723 1026 2728 1026 2728 1026 2728 1026 2732 1026 2732 1026 2736 1026 2918 1031 3441 1048 3565 1026 3578 1115 3573 1168 974 1163"/></Shape>
	    <String CONTENT="23 Late Ioniae, uel Æolidis Insula, Lade postea dictae Ex Plio"
                    HPOS="974"
                    VPOS="1026"
                    WIDTH="2604"
                    HEIGHT="142"></String>
          </TextLine>

          
          
          <TextLine ID="eSc_line_c81af005"
                    TAGREFS="LT85"
                    BASELINE="996 1225 3587 1225" 
                    HPOS="992"
                    VPOS="1137"
                    WIDTH="2595"
                    HEIGHT="128">
            <Shape><Polygon POINTS="996 1225 992 1141 3582 1137 3587 1225 3582 1265 992 1261"/></Shape>
	    <String CONTENT="24 Lathernianum Italiae opp. Marthenianum est. Ex Annio"
                    HPOS="992"
                    VPOS="1137"
                    WIDTH="2595"
                    HEIGHT="128"></String>
          </TextLine>

          
          
          <TextLine ID="eSc_line_3ceb18a1"
                    TAGREFS="LT85"
                    BASELINE="1009 1331 3591 1349" 
                    HPOS="1005"
                    VPOS="1247"
                    WIDTH="2586"
                    HEIGHT="155">
            <Shape><Polygon POINTS="1009 1331 1009 1247 3591 1269 3591 1349 3591 1371 3534 1402 3534 1402 3534 1402 3529 1402 3529 1402 3525 1402 3525 1402 3525 1402 3383 1376 3290 1376 3263 1398 3263 1402 3263 1402 3259 1402 3259 1402 3259 1402 3255 1402 3255 1402 3250 1402 3250 1402 3250 1402 3148 1380 3122 1402 3122 1402 3117 1402 3117 1402 3117 1402 3113 1402 3113 1402 3108 1402 2838 1398 2838 1398 2838 1398 2834 1398 2834 1398 2834 1398 2829 1398 2798 1376 2790 1371 2542 1371 2524 1376 2462 1398 2462 1398 2457 1398 2457 1398 2453 1398 2152 1393 2152 1393 2152 1393 2147 1393 2147 1393 2147 1393 2143 1393 2143 1393 2125 1376 2112 1367 2068 1376 1992 1393 1992 1393 1992 1393 1988 1393 1829 1380 1647 1362 1005 1380"/></Shape>
	    <String CONTENT="u25 Latium Italiae regio as Tyberi ad Lirim inter mae, et"
                    HPOS="1005"
                    VPOS="1247"
                    WIDTH="2586"
                    HEIGHT="155"></String>
          </TextLine>

          
          
          <TextLine ID="eSc_line_96d380f5"
                    TAGREFS="LT85"
                    BASELINE="1226 1433 3591 1460" 
                    HPOS="1217"
                    VPOS="1340"
                    WIDTH="2374"
                    HEIGHT="168">
            <Shape><Polygon POINTS="1226 1433 1226 1362 1496 1367 1514 1362 1585 1340 1589 1340 1589 1340 1589 1340 1594 1340 1594 1340 1598 1340 1598 1340 1598 1340 1603 1340 1603 1340 1603 1345 1625 1362 1634 1376 2050 1376 2068 1367 2103 1349 2103 1349 2103 1349 2108 1349 2108 1349 2112 1349 2112 1349 2112 1349 2116 1349 2116 1349 2116 1349 2152 1367 2170 1376 2205 1367 2271 1354 2271 1354 2271 1354 2276 1354 2276 1354 2276 1354 2360 1367 2422 1380 2453 1371 2493 1354 2493 1354 2497 1354 2497 1354 2497 1354 2502 1354 2502 1354 2506 1354 2568 1371 2608 1380 2626 1371 2652 1354 2657 1354 2657 1354 2661 1354 2661 1354 2666 1354 2776 1354 2776 1354 2776 1354 2781 1354 2781 1354 2781 1354 2785 1354 2785 1354 2785 1358 2790 1358 2798 1371 2812 1389 3064 1389 3086 1376 3113 1358 3117 1358 3117 1358 3122 1358 3122 1358 3122 1358 3126 1358 3126 1358 3126 1358 3131 1358 3131 1358 3170 1376 3201 1389 3228 1376 3259 1362 3259 1362 3263 1362 3263 1362 3263 1362 3268 1362 3587 1380 3591 1460 3578 1508 3467 1473 3020 1473 2967 1500 2958 1504 2958 1504 2958 1504 2953 1504 2953 1504 2953 1508 2829 1508 2825 1504 2825 1504 2785 1500 2639 1469 2577 1495 2577 1495 2577 1495 2573 1495 2573 1495 2573 1495 2568 1495 2568 1495 2568 1495 2559 1495 2449 1473 2342 1491 2311 1495 2311 1495 2311 1495 2307 1495 2307 1495 2302 1495 2302 1495 2289 1491 2236 1473 2156 1491 2121 1495 2121 1495 2116 1495 1217 1473"/></Shape>
	    <String CONTENT="Samnitum montes, a Saturno dicta, qui ibi latuerit"
                    HPOS="1217"
                    VPOS="1340"
                    WIDTH="2374"
                    HEIGHT="168"></String>
          </TextLine>

          
          
          <TextLine ID="eSc_line_5c1a70c0"
                    TAGREFS="LT85"
                    BASELINE="1235 1553 3587 1562" 
                    HPOS="1213"
                    VPOS="1460"
                    WIDTH="2374"
                    HEIGHT="150">
            <Shape><Polygon POINTS="1235 1553 1235 1460 1328 1460 1328 1460 1328 1460 1333 1460 1333 1460 1333 1460 1333 1460 1337 1460 1337 1464 1368 1491 1434 1460 1439 1460 1439 1460 1443 1460 1443 1460 1443 1460 1448 1460 1448 1460 1448 1460 1452 1460 1461 1460 1545 1491 1572 1464 1576 1464 1576 1460 1581 1460 1581 1460 1581 1460 1585 1460 1585 1460 1589 1460 1669 1460 1669 1460 1669 1460 1674 1460 1674 1460 1674 1460 1678 1460 1678 1464 1682 1464 1713 1491 1877 1469 1953 1460 1953 1460 1957 1460 1957 1460 1961 1460 1961 1460 1961 1460 1984 1469 2019 1486 2267 1477 2435 1469 2440 1469 2440 1469 2444 1469 2444 1469 2475 1477 2519 1495 2573 1482 2635 1464 2639 1464 2639 1464 2643 1464 2821 1464 2821 1464 2821 1464 2825 1464 2825 1464 2825 1464 2829 1464 2829 1464 2856 1486 2869 1500 3383 1500 3387 1495 3463 1464 3463 1464 3467 1464 3467 1464 3472 1464 3472 1464 3472 1464 3476 1464 3587 1500 3587 1562 3578 1610 3020 1588 2936 1601 2883 1610 2883 1610 2878 1610 2878 1610 2878 1610 2874 1610 2874 1610 2874 1610 2856 1601 2834 1588 2812 1601 2790 1610 2790 1610 2790 1610 2785 1610 2785 1610 2785 1610 2781 1610 2604 1597 2475 1588 2387 1593 2214 1606 2209 1606 2209 1606 2209 1606 2134 1588 2108 1584 2090 1588 2041 1606 2041 1606 2037 1606 2037 1606 2032 1606 1328 1584 1257 1606 1253 1606 1253 1606 1253 1606 1248 1606 1248 1606 1244 1606 1244 1606 1244 1606 1240 1606 1240 1606 1240 1601 1235 1601 1213 1575"/></Shape>
	    <String CONTENT="Iouem filium fugiens : Satuurnia etiam, in qua Rorm"
                    HPOS="1213"
                    VPOS="1460"
                    WIDTH="2374"
                    HEIGHT="150"></String>
          </TextLine>

          
          
          <TextLine ID="eSc_line_4fa80fcc"
                    TAGREFS="LT85"
                    BASELINE="1240 1659 3591 1668" 
                    HPOS="1231"
                    VPOS="1570"
                    WIDTH="2360"
                    HEIGHT="151">
            <Shape><Polygon POINTS="1240 1659 1240 1579 2037 1593 2081 1584 2152 1570 2152 1570 2152 1570 2156 1570 2156 1570 2161 1570 2161 1570 2161 1570 2165 1570 2165 1570 2165 1575 2178 1588 2187 1597 2347 1597 2360 1588 2404 1570 2404 1570 2409 1570 2409 1570 2409 1570 2413 1570 2413 1570 2418 1570 2418 1570 2418 1570 2453 1588 2462 1593 2519 1588 2705 1575 2710 1575 2710 1575 2710 1575 2790 1593 2816 1597 2829 1593 2865 1575 2865 1575 2865 1575 2869 1575 2869 1575 2874 1575 2874 1575 3024 1593 3055 1597 3077 1593 3179 1575 3179 1575 3179 1575 3184 1575 3184 1575 3308 1597 3317 1597 3325 1597 3445 1575 3445 1575 3445 1575 3449 1575 3449 1575 3587 1601 3591 1668 3578 1716 3498 1690 3352 1716 3334 1716 3334 1716 3330 1716 3330 1716 3303 1716 3157 1694 3082 1712 3060 1716 3055 1716 3055 1716 3051 1716 3051 1716 3051 1716 3046 1716 3046 1716 3046 1716 3042 1716 3038 1712 3002 1690 2896 1690 2874 1712 2869 1712 2869 1716 2869 1716 2865 1716 2865 1716 2865 1716 2860 1716 2860 1716 2860 1721 2688 1721 2683 1716 2683 1716 2679 1716 2679 1716 2679 1716 2674 1716 2674 1716 2674 1712 2666 1708 2648 1690 2435 1690 2413 1703 2409 1712 2409 1712 2404 1712 2404 1712 2404 1712 2400 1712 2400 1712 2400 1716 2161 1716 2156 1712 2156 1712 2152 1712 2152 1712 2152 1712 2130 1703 2099 1685 2010 1699 1935 1712 1935 1712 1930 1712 1231 1690"/></Shape>
	    <String CONTENT="est, quam regionem Dion, et Dconysius propriè appellarumt"
                    HPOS="1231"
                    VPOS="1570"
                    WIDTH="2360"
                    HEIGHT="151"></String>
          </TextLine>

          
          
          <TextLine ID="eSc_line_6e2c2320"
                    TAGREFS="LT85"
                    BASELINE="1240 1765 3582 1792" 
                    HPOS="1231"
                    VPOS="1663"
                    WIDTH="2351"
                    HEIGHT="168">
            <Shape><Polygon POINTS="1240 1765 1240 1672 1426 1690 1448 1672 1457 1663 1457 1663 1461 1663 1461 1663 1461 1663 1465 1663 1465 1663 1470 1663 1572 1663 1572 1663 1572 1663 1576 1663 1576 1663 1576 1663 1607 1677 1647 1703 1904 1703 1922 1685 1930 1677 1930 1672 1930 1672 1935 1672 1935 1672 1935 1672 1939 1672 1939 1672 1944 1672 1944 1672 1944 1672 1948 1672 1948 1672 1979 1685 2010 1699 2050 1685 2099 1672 2103 1672 2103 1672 2103 1672 2108 1672 2108 1672 2112 1672 2112 1672 2112 1672 2116 1672 2116 1672 2116 1677 2130 1690 2147 1703 2192 1690 2227 1681 2232 1681 2232 1681 2232 1681 2236 1681 2236 1681 2316 1694 2360 1699 2369 1694 2395 1672 2395 1672 2400 1672 2400 1672 2400 1672 2404 1672 2404 1672 2404 1672 2409 1672 2794 1703 2825 1703 2834 1703 2958 1681 2958 1681 2958 1681 2962 1681 2962 1681 2967 1681 2967 1681 2967 1681 2971 1681 2971 1681 2971 1685 2993 1703 3007 1690 3007 1690 3011 1690 3011 1690 3011 1690 3015 1690 3015 1690 3015 1690 3020 1690 3578 1721 3582 1792 3573 1831 1231 1796"/></Shape>
	    <String CONTENT="Oenotriam, uti hatitasse Philoctetes dicitur : nunc uaci"
                    HPOS="1231"
                    VPOS="1663"
                    WIDTH="2351"
                    HEIGHT="168"></String>
          </TextLine>

          
          
          <TextLine ID="eSc_line_b51e538e"
                    TAGREFS="LT85"
                    BASELINE="1244 1867 3578 1902" 
                    HPOS="1240"
                    VPOS="1770"
                    WIDTH="2338"
                    HEIGHT="181">
            <Shape><Polygon POINTS="1244 1867 1240 1796 1403 1774 1403 1774 1408 1774 1408 1774 1412 1774 1412 1774 1412 1774 1457 1796 1461 1796 1461 1796 1523 1770 1523 1770 1527 1770 1527 1770 1527 1770 1532 1770 1532 1770 1536 1770 1536 1770 1616 1796 1625 1800 1625 1796 1647 1778 1647 1778 1651 1778 1651 1778 1651 1778 1656 1778 1656 1778 1656 1778 1660 1778 1922 1800 1944 1800 1957 1800 2090 1778 2090 1778 2094 1778 2094 1778 2094 1778 2099 1778 2187 1805 2214 1809 2249 1805 2333 1787 2333 1787 2333 1787 2338 1787 2338 1787 2342 1787 2342 1787 2387 1805 2413 1818 2697 1818 2705 1809 2719 1796 2719 1792 2719 1792 2723 1792 2723 1792 2723 1792 2728 1792 2728 1792 2732 1792 2732 1792 2732 1792 2736 1792 2794 1809 2829 1818 2865 1809 2931 1792 2936 1792 2936 1792 2940 1792 3100 1796 3100 1796 3100 1796 3104 1796 3104 1796 3104 1796 3108 1796 3108 1796 3108 1800 3122 1814 3135 1823 3166 1814 3224 1796 3228 1796 3228 1796 3232 1796 3232 1796 3232 1796 3321 1814 3387 1827 3569 1818 3578 1902 3573 1929 3445 1951 3445 1951 3441 1951 3441 1951 3441 1951 3436 1951 3436 1951 3379 1929 3365 1924 3356 1929 3294 1951 3294 1951 3290 1951 3290 1951 3290 1951 3286 1951 3286 1951 3281 1951 3188 1924 3157 1920 2776 1920 2767 1920 2710 1942 2705 1942 2705 1942 2705 1942 2701 1942 2356 1916 2196 1907 2108 1916 1957 1929 1957 1929 1953 1929 1953 1929 1860 1911 1789 1898 1775 1911 1758 1924 1758 1924 1753 1924 1753 1924 1753 1924 1749 1924 1749 1924 1744 1924 1744 1924 1744 1924 1674 1911 1616 1898 1240 1902"/></Shape>
	    <String CONTENT="tur Campania Roma, in qua fuere Aborigines, pei"
                    HPOS="1240"
                    VPOS="1770"
                    WIDTH="2338"
                    HEIGHT="181"></String>
          </TextLine>

          
          
          <TextLine ID="eSc_line_dc933c2a"
                    TAGREFS="LT85"
                    BASELINE="1244 1964 3573 2004" 
                    HPOS="1240"
                    VPOS="1876"
                    WIDTH="2333"
                    HEIGHT="177">
            <Shape><Polygon POINTS="1244 1964 1244 1876 1510 1898 1532 1880 1536 1876 1536 1876 1541 1876 1541 1876 1541 1876 1545 1876 1545 1876 1545 1876 1550 1876 1550 1876 1603 1885 1709 1898 1762 1885 1798 1880 1798 1880 1798 1880 1802 1880 1802 1880 1806 1880 1806 1880 1829 1889 1868 1902 1966 1893 2037 1885 2037 1885 2041 1885 2041 1885 2046 1885 2046 1885 2046 1885 2068 1893 2094 1907 2143 1898 2201 1885 2201 1885 2201 1885 2205 1885 2391 1902 2537 1916 2626 1907 2772 1893 2772 1893 2776 1893 2776 1893 2781 1893 2781 1893 2781 1893 2785 1893 2812 1911 2825 1920 2936 1916 3210 1902 3215 1902 3215 1902 3215 1902 3219 1902 3219 1902 3219 1902 3224 1902 3224 1902 3224 1907 3241 1924 3246 1929 3569 1933 3573 2004 3565 2053 3308 2026 3033 2044 3015 2044 3011 2044 3011 2044 3011 2044 3007 2044 3007 2044 2945 2022 2914 2044 2914 2044 2909 2044 2909 2044 2909 2044 2905 2044 2905 2044 2900 2044 2767 2039 2063 2008 1970 2026 1953 2026 1953 2026 1948 2026 1948 2026 1948 2026 1944 2026 1935 2022 1868 2004 1811 2022 1793 2026 1789 2026 1789 2026 1789 2026 1784 2026 1784 2026 1780 2026 1780 2026 1780 2026 1775 2026 1771 2022 1731 2000 1240 2008"/></Shape>
	    <String CONTENT="lasgi, Arcades, Sicoli, Aurunti, Rutuli, Volsci, oscio"
                    HPOS="1240"
                    VPOS="1876"
                    WIDTH="2333"
                    HEIGHT="177"></String>
          </TextLine>

          
          
          <TextLine ID="eSc_line_f618c6a8"
                    TAGREFS="LT85"
                    BASELINE="1244 2079 3587 2097" 
                    HPOS="1240"
                    VPOS="2000"
                    WIDTH="2347"
                    HEIGHT="141">
            <Shape><Polygon POINTS="1244 2079 1244 2000 3587 2017 3587 2097 3582 2119 3263 2119 3259 2119 3228 2141 3224 2141 3224 2141 3224 2141 3219 2141 3219 2141 3215 2141 3215 2141 3020 2119 2971 2115 2962 2119 2940 2137 2936 2137 2936 2137 2936 2137 2931 2137 2931 2137 2927 2137 2435 2119 2077 2110 1939 2124 1833 2132 1833 2132 1829 2132 1829 2132 1829 2132 1784 2124 1700 2106 1240 2124"/></Shape>
	    <String CONTENT="Ausones. Ex Ouidio, Strabonr, Plinio, Festo, Isaacie"
                    HPOS="1240"
                    VPOS="2000"
                    WIDTH="2347"
                    HEIGHT="141"></String>
          </TextLine>

          
          
          <TextLine ID="eSc_line_4028f9e5"
                    TAGREFS="LT85"
                    BASELINE="1262 2177 1798 2172" 
                    HPOS="1248"
                    VPOS="2084"
                    WIDTH="550"
                    HEIGHT="115">
            <Shape><Polygon POINTS="1262 2177 1248 2115 1310 2084 1310 2084 1310 2084 1315 2084 1315 2084 1319 2084 1319 2084 1319 2084 1461 2110 1660 2084 1660 2084 1665 2084 1665 2084 1665 2084 1789 2115 1798 2172 1793 2194 1262 2199"/></Shape>
	    <String CONTENT="Gollenutio"
                    HPOS="1248"
                    VPOS="2084"
                    WIDTH="550"
                    HEIGHT="115"></String>
          </TextLine>

          
          
          <TextLine ID="eSc_line_3f01837e"
                    TAGREFS="LT85"
                    BASELINE="983 2256 3600 2283" 
                    HPOS="978"
                    VPOS="2159"
                    WIDTH="2622"
                    HEIGHT="177">
            <Shape><Polygon POINTS="983 2256 978 2177 1293 2159 1297 2159 1297 2159 1545 2181 1607 2185 1656 2181 1855 2163 1855 2163 1860 2163 1860 2163 1864 2163 1864 2163 1922 2185 1935 2190 2068 2185 2426 2177 2431 2177 2661 2194 2732 2199 2781 2194 2971 2177 2971 2177 2976 2177 2976 2177 2980 2177 2980 2177 3033 2199 3038 2199 3051 2199 3241 2181 3241 2181 3246 2181 3246 2181 3250 2181 3250 2181 3250 2181 3255 2181 3255 2181 3281 2203 3281 2203 3290 2203 3387 2181 3387 2181 3387 2181 3392 2181 3392 2181 3596 2208 3600 2283 3591 2318 3215 2314 3201 2318 3144 2336 3139 2336 3139 2336 3139 2336 3135 2336 3135 2336 3007 2314 2967 2309 2922 2314 2741 2336 2741 2336 2736 2336 2736 2336 2511 2314 2307 2331 2307 2331 2302 2331 2302 2331 2298 2331 2298 2331 2298 2331 2294 2331 2258 2305 2249 2305 2214 2305 1953 2327 1948 2327 1948 2327 1948 2327 1802 2301 1753 2296 1682 2301 1439 2323 1434 2323 1434 2323 1434 2323 1310 2296 1275 2292 978 2292"/></Shape>
	    <String CONTENT="26 Latobrigi Galliae populi Heluetijs finitimi, Lausanects"
                    HPOS="978"
                    VPOS="2159"
                    WIDTH="2622"
                    HEIGHT="177"></String>
          </TextLine>

          
          
          <TextLine ID="eSc_line_808403a6"
                    TAGREFS="LT85"
                    BASELINE="1244 2376 2581 2393" 
                    HPOS="1240"
                    VPOS="2296"
                    WIDTH="1341"
                    HEIGHT="146">
            <Shape><Polygon POINTS="1244 2376 1244 2296 2577 2318 2581 2393 2573 2442 1784 2407 1612 2433 1585 2433 1585 2433 1581 2433 1581 2433 1581 2433 1576 2433 1576 2433 1576 2433 1572 2433 1572 2433 1572 2429 1572 2429 1541 2402 1240 2424"/></Shape>
	    <String CONTENT="ſunt. Ex Volaterranon1"
                    HPOS="1240"
                    VPOS="2296"
                    WIDTH="1341"
                    HEIGHT="146"></String>
          </TextLine>

          
          
          <TextLine ID="eSc_line_3d9c8fc4"
                    TAGREFS="LT85"
                    BASELINE="983 2455 1984 2495 3374 2469" 
                    HPOS="978"
                    VPOS="2367"
                    WIDTH="2396"
                    HEIGHT="177">
            <Shape><Polygon POINTS="983 2455 978 2393 1173 2367 1173 2367 1178 2367 1178 2367 1182 2367 1182 2367 1182 2367 1186 2367 1186 2367 1186 2371 1209 2393 1226 2411 1426 2411 1461 2393 1536 2367 1536 2367 1541 2367 1541 2367 1545 2367 1545 2367 1545 2367 1550 2367 1550 2367 1554 2367 1554 2367 1554 2371 1585 2393 1598 2407 1678 2393 1820 2376 1820 2376 1824 2376 1824 2376 1829 2376 1829 2376 1829 2376 1833 2376 1864 2398 1873 2402 1926 2398 2099 2376 2099 2376 2103 2376 2103 2376 2103 2376 2108 2376 2108 2376 2112 2376 2112 2376 2112 2376 2134 2398 2143 2402 2161 2398 2232 2385 2232 2385 2232 2385 2236 2385 2236 2385 2240 2385 2240 2385 2240 2385 2245 2385 2245 2385 2245 2389 2258 2398 2267 2411 2856 2411 2869 2402 2953 2367 2953 2367 2958 2367 2958 2367 2962 2367 3170 2367 3170 2367 3170 2367 3365 2407 3374 2469 3365 2539 3210 2513 2976 2513 2953 2535 2949 2539 2949 2539 2945 2539 2945 2539 2945 2539 2940 2539 2940 2539 2940 2539 2936 2539 2936 2539 2931 2539 2914 2535 2821 2508 2759 2531 2750 2535 2750 2535 2745 2535 2745 2535 2741 2535 2741 2535 2741 2535 2736 2535 2736 2535 2732 2535 2728 2531 2688 2508 2590 2531 2537 2539 2537 2539 2537 2544 1678 2544 1674 2539 1674 2539 1669 2539 1669 2539 1669 2539 1625 2517 1607 2508 978 2508"/></Shape>
	    <String CONTENT="27 Latonae urbs in Ægypto, Derota est. Ex Munst."
                    HPOS="978"
                    VPOS="2367"
                    WIDTH="2396"
                    HEIGHT="177"></String>
          </TextLine>

          
          
          <TextLine ID="eSc_line_9f827b9e"
                    TAGREFS="LT85"
                    BASELINE="1005 2562 2909 2584 3582 2548" 
                    HPOS="1000"
                    VPOS="2469"
                    WIDTH="2582"
                    HEIGHT="163">
            <Shape><Polygon POINTS="1005 2562 1000 2482 1217 2469 1222 2469 1222 2469 1222 2469 1226 2469 1262 2478 1337 2504 1452 2482 1452 2482 1452 2482 1457 2482 1457 2482 1457 2482 1461 2482 1527 2504 1572 2478 1594 2469 1594 2469 1594 2469 1598 2469 1598 2469 1598 2469 1603 2469 1603 2469 1607 2469 1607 2469 1607 2469 1612 2469 1612 2469 1612 2473 1620 2478 1660 2517 2387 2517 2409 2495 2409 2491 2409 2491 2413 2491 2413 2491 2413 2491 2418 2491 2418 2491 2422 2491 2422 2491 2626 2513 2679 2478 2683 2478 2683 2478 2683 2478 2683 2478 2688 2478 2688 2478 2688 2478 2692 2478 2692 2478 2692 2478 2697 2478 2697 2478 2697 2478 2701 2478 2741 2504 2781 2478 2785 2478 2785 2478 2785 2478 2785 2478 2790 2478 2790 2478 2794 2478 2794 2478 2803 2478 3082 2517 3122 2491 3126 2491 3126 2491 3126 2491 3131 2491 3131 2491 3135 2491 3135 2491 3317 2504 3569 2478 3582 2548 3578 2593 2608 2632 2604 2632 2604 2632 2604 2632 2493 2610 1709 2628 1705 2628 1705 2628 1700 2628 1558 2588 1554 2588 1536 2588 1275 2610 1271 2610 1271 2610 1271 2610 1266 2610 1266 2610 1262 2610 1226 2588 1222 2588 1000 2588"/></Shape>
	    <String CONTENT="28 Lauara Lusitaniae urbs, Portus dicitur, a qua Poru"
                    HPOS="1000"
                    VPOS="2469"
                    WIDTH="2582"
                    HEIGHT="163"></String>
          </TextLine>

          
          
          <TextLine ID="eSc_line_c69d0799"
                    TAGREFS="LT85"
                    BASELINE="1248 2663 2063 2685 3596 2663" 
                    HPOS="1235"
                    VPOS="2566"
                    WIDTH="2361"
                    HEIGHT="168">
            <Shape><Polygon POINTS="1248 2663 1244 2575 1638 2575 1638 2575 1638 2575 1643 2575 1643 2575 1643 2575 1643 2575 1647 2575 1682 2601 1860 2575 1873 2575 1873 2575 1877 2575 1908 2575 2232 2601 2719 2601 2781 2579 2794 2575 2798 2575 2798 2575 2798 2575 2803 2575 2803 2575 2807 2575 2825 2579 2891 2597 2945 2579 2980 2566 2980 2566 2984 2566 2984 2566 2989 2566 2989 2566 2993 2566 2993 2566 3029 2579 3069 2593 3113 2579 3144 2570 3148 2570 3148 2570 3153 2570 3153 2570 3153 2570 3157 2570 3193 2579 3237 2593 3330 2579 3441 2566 3441 2566 3445 2566 3445 2566 3587 2584 3596 2663 3591 2690 3241 2716 3237 2716 3237 2716 3232 2716 3139 2694 3122 2690 3117 2694 3073 2725 3069 2725 3069 2725 3069 2725 3064 2725 3064 2725 3064 2725 3060 2725 3060 2725 2931 2708 2874 2730 2874 2730 2869 2730 2869 2730 2865 2730 2865 2730 2626 2708 2054 2734 2050 2734 2050 2734 2050 2734 2046 2734 1944 2699 1939 2699 1368 2699 1359 2703 1297 2734 1297 2734 1297 2734 1293 2734 1293 2734 1288 2734 1288 2734 1288 2734 1284 2734 1284 2734 1284 2734 1279 2734 1235 2703"/></Shape>
	    <String CONTENT="galliae nomen Regnum ipsum recepit. Ex Gerundenss"
                    HPOS="1235"
                    VPOS="2566"
                    WIDTH="2361"
                    HEIGHT="168"></String>
          </TextLine>

          
          
          <TextLine ID="eSc_line_211e8491"
                    TAGREFS="LT85"
                    BASELINE="1014 2743 2364 2783 3600 2761" 
                    HPOS="1014"
                    VPOS="2659"
                    WIDTH="2586"
                    HEIGHT="173">
            <Shape><Polygon POINTS="1014 2743 1014 2659 1195 2659 1195 2659 1195 2659 1200 2659 1200 2659 1200 2659 1284 2694 1368 2663 1368 2663 1372 2663 1372 2663 1377 2663 1377 2663 1612 2690 1842 2663 1851 2663 1851 2663 1855 2663 1855 2663 1860 2663 1860 2663 1860 2663 1860 2663 1864 2663 1930 2708 2493 2708 2542 2681 2546 2681 2546 2681 2550 2681 2550 2681 2550 2681 2555 2681 2555 2681 2559 2681 2559 2681 2559 2681 2612 2708 2763 2677 2763 2677 2763 2677 2767 2677 2767 2677 2767 2677 2772 2677 2772 2677 2834 2703 2918 2677 2922 2677 2922 2677 2922 2677 2927 2677 2927 2677 2927 2677 2931 2677 3042 2712 3281 2677 3281 2677 3286 2677 3286 2677 3290 2677 3290 2677 3290 2677 3352 2708 3396 2677 3401 2677 3401 2677 3401 2677 3405 2677 3405 2677 3405 2677 3410 2677 3410 2677 3414 2677 3498 2699 3587 2677 3600 2761 3596 2801 3352 2801 3352 2801 3294 2827 3294 2827 3294 2827 3290 2827 3290 2827 3286 2827 3286 2827 3281 2827 3281 2827 3281 2827 3237 2805 3184 2832 3184 2832 3184 2832 3179 2832 3179 2832 3179 2832 3175 2832 3175 2832 3170 2832 3073 2805 3002 2827 2998 2827 2998 2827 2998 2832 2754 2832 2750 2827 2750 2827 2745 2827 2745 2827 2745 2827 2741 2827 2741 2827 2741 2823 2719 2805 2232 2823 2227 2823 2227 2823 2223 2823 2223 2823 2223 2823 2218 2823 2218 2823 2218 2818 2201 2805 2196 2801 2046 2805 1731 2818 1727 2818 1727 2818 1727 2818 1722 2818 1722 2818 1722 2818 1700 2809 1665 2787 1532 2809 1514 2809 1514 2809 1510 2809 1510 2809 1510 2809 1492 2809 1346 2783 1098 2783 1014 2809"/></Shape>
	    <String CONTENT="29 Laudonia Britanniae regio, Pictlandin est in Scotius⟩"
                    HPOS="1014"
                    VPOS="2659"
                    WIDTH="2586"
                    HEIGHT="173"></String>
          </TextLine>

          
          
          <TextLine ID="eSc_line_0912c01b"
                    TAGREFS="LT85"
                    BASELINE="1235 2871 3604 2871" 
                    HPOS="1231"
                    VPOS="2778"
                    WIDTH="2378"
                    HEIGHT="151">
            <Shape><Polygon POINTS="1235 2871 1235 2778 1510 2805 1607 2783 1620 2778 1625 2778 1625 2778 1629 2778 1629 2778 1687 2783 1917 2805 2094 2787 2196 2778 2196 2778 2201 2778 2201 2778 2205 2778 2205 2778 2205 2778 2209 2778 2227 2792 2258 2809 2630 2809 2661 2796 2705 2778 2705 2778 2710 2778 2710 2778 2714 2778 2714 2778 2714 2778 2719 2778 2719 2778 2719 2778 2723 2778 2750 2796 2763 2805 2843 2796 3029 2778 3033 2778 3033 2778 3268 2805 3299 2805 3303 2805 3339 2778 3343 2778 3343 2778 3343 2778 3348 2778 3348 2778 3352 2778 3494 2778 3494 2778 3494 2778 3498 2778 3609 2809 3604 2871 3600 2929 1231 2924"/></Shape>
	    <String CONTENT="dicta quasi Pictonum terra, nm ibi fuen pictm"
                    HPOS="1231"
                    VPOS="2778"
                    WIDTH="2378"
                    HEIGHT="151"></String>
          </TextLine>

          
          
          <TextLine ID="eSc_line_af13f705"
                    TAGREFS="LT85"
                    BASELINE="2497 2978 2577 2978" 
                    HPOS="2493"
                    VPOS="2924"
                    WIDTH="84"
                    HEIGHT="98">
            <Shape><Polygon POINTS="2497 2978 2497 2924 2577 2924 2577 2978 2573 3022 2493 3009"/></Shape>
	    <String CONTENT="ae"
                    HPOS="2493"
                    VPOS="2924"
                    WIDTH="84"
                    HEIGHT="98"></String>
          </TextLine>

          
          
          <TextLine ID="eSc_line_83cca121"
                    TAGREFS="LT85"
                    BASELINE="1248 2982 1713 2973" 
                    HPOS="1240"
                    VPOS="2885"
                    WIDTH="473"
                    HEIGHT="141">
            <Shape><Polygon POINTS="1248 2982 1240 2916 1523 2885 1527 2885 1527 2885 1705 2907 1713 2973 1705 3026 1244 3017"/></Shape>
	    <String CONTENT="Ex Iouio"
                    HPOS="1240"
                    VPOS="2885"
                    WIDTH="473"
                    HEIGHT="141"></String>
          </TextLine>

          
          
          <TextLine ID="eSc_line_539bccb8"
                    TAGREFS="LT85"
                    BASELINE="1009 3084 3596 3062" 
                    HPOS="1000"
                    VPOS="2991"
                    WIDTH="2596"
                    HEIGHT="150">
            <Shape><Polygon POINTS="1009 3084 1000 2991 3587 2995 3596 3062 3591 3101 1961 3132 1957 3132 1851 3128 1536 3115 1523 3132 1519 3132 1519 3132 1519 3137 1519 3137 1514 3137 1514 3137 1514 3137 1510 3137 1510 3137 1505 3137 1430 3137 1058 3119 1014 3141"/></Shape>
	    <String CONTENT="30 Lauici, Lauicanum ue Italiae opp. Vallis montana"
                    HPOS="1000"
                    VPOS="2991"
                    WIDTH="2596"
                    HEIGHT="150"></String>
          </TextLine>

          
          
          <TextLine ID="eSc_line_77b4581b"
                    TAGREFS="LT85"
                    BASELINE="1253 3181 3582 3177" 
                    HPOS="1244"
                    VPOS="3084"
                    WIDTH="2338"
                    HEIGHT="119">
            <Shape><Polygon POINTS="1253 3181 1244 3101 1691 3084 1696 3084 1696 3084 1700 3084 1749 3097 1789 3106 1811 3097 1837 3084 1837 3084 1837 3084 1842 3084 1842 3084 1846 3084 1846 3084 1851 3084 1895 3093 1944 3106 1975 3093 1997 3084 1997 3084 2001 3084 2001 3084 2001 3084 2006 3084 2006 3084 2010 3084 2010 3084 2037 3093 2068 3106 2103 3093 2125 3084 2125 3084 2130 3084 2130 3084 2134 3084 2134 3084 2214 3093 2338 3106 2360 3093 2369 3084 2373 3084 2373 3084 2373 3084 2378 3084 2378 3084 2382 3084 2382 3084 2382 3084 2422 3093 2497 3106 2537 3088 2550 3084 2550 3084 2555 3084 2555 3084 2555 3084 2559 3084 2559 3084 2559 3084 2564 3084 2564 3084 2568 3084 2568 3084 2573 3088 2599 3110 3299 3110 3383 3084 3383 3084 3387 3084 3387 3084 3387 3084 3392 3084 3392 3084 3396 3084 3396 3084 3396 3084 3396 3084 3401 3084 3401 3084 3432 3106 3569 3084 3582 3177 3578 3199 1253 3203"/></Shape>
	    <String CONTENT="uocatur in Latio, et uulgo almontone, ubi fuere"
                    HPOS="1244"
                    VPOS="3084"
                    WIDTH="2338"
                    HEIGHT="119"></String>
          </TextLine>

          
          
          <TextLine ID="eSc_line_2033a9e1"
                    TAGREFS="LT85"
                    BASELINE="1257 3270 3578 3252" 
                    HPOS="1248"
                    VPOS="3168"
                    WIDTH="2330"
                    HEIGHT="155">
            <Shape><Polygon POINTS="1257 3270 1248 3186 3565 3168 3578 3252 3569 3292 2581 3283 2484 3305 2466 3309 2462 3309 2462 3309 1988 3314 1984 3314 1984 3314 1979 3314 1979 3314 1975 3314 1917 3287 1895 3309 1895 3314 1895 3314 1895 3314 1891 3314 1891 3314 1891 3314 1886 3314 1886 3314 1886 3314 1510 3318 1505 3318 1505 3318 1501 3318 1501 3318 1496 3318 1430 3292 1403 3314 1403 3318 1403 3318 1399 3318 1399 3318 1399 3318 1399 3318 1395 3318 1395 3318 1395 3323 1257 3323"/></Shape>
	    <String CONTENT="bicani populi. Ex Blondo , Declaratione urbium Itab"
                    HPOS="1248"
                    VPOS="3168"
                    WIDTH="2330"
                    HEIGHT="155"></String>
          </TextLine>

          
          
          <TextLine ID="eSc_line_87bcf933"
                    TAGREFS="LT85"
                    BASELINE="1031 3376 3587 3340" 
                    HPOS="1023"
                    VPOS="3243"
                    WIDTH="2564"
                    HEIGHT="181">
            <Shape><Polygon POINTS="1031 3376 1023 3287 1200 3274 1204 3274 1204 3274 1204 3274 1209 3274 1209 3274 1209 3274 1213 3274 1213 3274 1213 3278 1222 3283 1240 3305 1337 3305 1399 3283 1448 3270 1452 3270 1452 3270 1452 3270 1457 3270 1457 3270 1461 3270 1461 3270 1461 3270 1465 3270 1483 3283 1510 3296 1873 3296 1908 3283 1957 3265 1961 3265 1961 3265 1961 3265 1966 3265 1966 3265 1966 3265 1970 3265 1970 3265 1970 3265 1975 3265 1975 3265 1992 3278 2001 3292 2294 3292 2360 3278 2484 3261 2484 3261 2488 3261 2488 3261 2630 3278 2652 3278 2657 3278 2697 3252 2701 3252 2701 3252 2705 3252 2705 3252 2705 3252 2710 3252 3095 3274 3113 3274 3113 3274 3157 3247 3162 3247 3162 3247 3166 3247 3166 3247 3170 3247 3170 3247 3410 3270 3472 3243 3472 3243 3476 3243 3476 3243 3476 3243 3480 3243 3480 3243 3480 3243 3485 3243 3582 3274 3587 3340 3582 3371 3352 3371 3339 3376 3268 3398 3263 3398 3263 3398 3263 3402 3024 3402 3020 3398 3020 3398 3015 3398 3015 3398 3015 3398 3011 3398 2984 3380 2971 3376 2785 3376 2781 3385 2772 3398 2767 3398 2767 3402 2767 3402 2763 3402 2763 3402 2763 3402 2759 3402 2759 3402 2754 3402 2754 3402 2754 3402 2750 3402 2750 3402 2714 3389 2692 3380 2630 3389 2506 3407 2506 3407 2502 3407 2502 3407 2418 3393 2356 3385 2196 3398 1988 3416 1988 3416 1607 3420 1603 3420 1603 3420 1598 3420 1598 3420 1598 3420 1594 3420 1594 3420 1585 3411 1576 3402 1563 3411 1554 3420 1554 3420 1550 3420 1550 3420 1550 3420 1545 3420 1545 3420 1545 3424 1031 3424"/></Shape>
	    <String CONTENT="31 Laninium opp. in Latio a Lauinia Latini felia Æne"
                    HPOS="1023"
                    VPOS="3243"
                    WIDTH="2564"
                    HEIGHT="181"></String>
          </TextLine>

          
          
          <TextLine ID="eSc_line_dde84fb3"
                    TAGREFS="LT85"
                    BASELINE="1248 3469 3587 3433" 
                    HPOS="1240"
                    VPOS="3363"
                    WIDTH="2351"
                    HEIGHT="137">
            <Shape><Polygon POINTS="1248 3469 1240 3393 3573 3363 3587 3433 3591 3455 3520 3482 3520 3482 3516 3482 3516 3482 3511 3482 2732 3473 2413 3500 2409 3500 1244 3491"/></Shape>
	    <String CONTENT="uxore dictum, prius Laurentum a Lauro inuento"
                    HPOS="1240"
                    VPOS="3363"
                    WIDTH="2351"
                    HEIGHT="137"></String>
          </TextLine>

          
          
          <TextLine ID="eSc_line_18b9f76e"
                    TAGREFS="LT85"
                    BASELINE="1262 3575 3596 3531" 
                    HPOS="1248"
                    VPOS="3460"
                    WIDTH="2348"
                    HEIGHT="164">
            <Shape><Polygon POINTS="1262 3575 1253 3504 3582 3460 3596 3531 3596 3548 3374 3553 3343 3584 3343 3588 3343 3588 3339 3588 3339 3588 3339 3588 3334 3588 3334 3588 3330 3588 3330 3588 3157 3570 3064 3593 3060 3593 3060 3593 3055 3593 3055 3593 3055 3593 3051 3593 3051 3593 2984 3566 2865 3597 2860 3597 2860 3597 2860 3597 2542 3601 2537 3601 2537 3601 2533 3601 2533 3601 2533 3601 2528 3601 2528 3601 2528 3597 2506 3575 2444 3601 2444 3601 2440 3601 2440 3601 2440 3601 2435 3601 2435 3601 2431 3601 2431 3601 2373 3579 2342 3606 2342 3606 2338 3606 2338 3606 2338 3606 2333 3606 2333 3606 2329 3606 2329 3606 2116 3588 1988 3610 1988 3610 1988 3610 1984 3610 1984 3610 1979 3610 1979 3610 1979 3610 1975 3610 1939 3588 1877 3615 1877 3615 1873 3615 1873 3615 1868 3615 1868 3615 1868 3615 1727 3588 1722 3588 1713 3588 1302 3624 1297 3624 1297 3624 1297 3624 1293 3624 1293 3624 1293 3624 1288 3624 1248 3597"/></Shape>
	    <String CONTENT="ipso Latino dum adepto pmperio post fratis mort"
                    HPOS="1248"
                    VPOS="3460"
                    WIDTH="2348"
                    HEIGHT="164"></String>
          </TextLine>

          
          
          <TextLine ID="eSc_line_895d7c52"
                    TAGREFS="LT85"
                    BASELINE="1262 3677 3600 3637" 
                    HPOS="1253"
                    VPOS="3540"
                    WIDTH="2347"
                    HEIGHT="190">
            <Shape><Polygon POINTS="1262 3677 1253 3610 1510 3570 1510 3570 1514 3570 1935 3588 1997 3588 2032 3584 2187 3562 2187 3562 2192 3562 2192 3562 2192 3562 2196 3562 2249 3579 2285 3588 2307 3575 2329 3562 2333 3562 2333 3562 2338 3562 2338 3562 2338 3562 2342 3562 2342 3562 2440 3570 2546 3584 2608 3566 2661 3553 2666 3553 2666 3553 2670 3553 2670 3553 2670 3553 2728 3562 2785 3575 2852 3562 2883 3553 2887 3553 2887 3553 2891 3553 2891 3553 2891 3553 2896 3553 2896 3553 2896 3553 2909 3557 2940 3575 3113 3553 3122 3553 3122 3553 3126 3553 3126 3553 3131 3553 3325 3570 3587 3540 3600 3637 3591 3681 3104 3668 3086 3690 3069 3703 3069 3703 3069 3708 3069 3708 3064 3708 3064 3708 3060 3708 3060 3708 3060 3708 2812 3712 2807 3712 2807 3712 2803 3712 2803 3712 2803 3712 2798 3712 2798 3712 2798 3708 2776 3690 2767 3681 2732 3690 2666 3712 2661 3712 2661 3712 2661 3712 2657 3712 2657 3712 2652 3712 2652 3712 2652 3712 2612 3694 2590 3681 2546 3694 2511 3703 2506 3703 2506 3703 2502 3703 2502 3703 2418 3694 2302 3681 2271 3694 2236 3712 2236 3712 2236 3712 2232 3712 2232 3712 2227 3712 2227 3712 2227 3712 2156 3699 2108 3686 2081 3699 2019 3725 2019 3725 2019 3725 2015 3725 2015 3725 2015 3730 1846 3730 1842 3725 1842 3725 1837 3725 1837 3725 1837 3725 1833 3725 1833 3721 1806 3699 1793 3690 1687 3703 1510 3721 1510 3721 1505 3721 1257 3703"/></Shape>
	    <String CONTENT="ciuitatem augent : uel a Laura patre Crotonis Lea⟩"
                    HPOS="1253"
                    VPOS="3540"
                    WIDTH="2347"
                    HEIGHT="190"></String>
          </TextLine>

          
          
          <TextLine ID="eSc_line_e62b8764"
                    TAGREFS="LT85"
                    BASELINE="1262 3774 3604 3752" 
                    HPOS="1253"
                    VPOS="3646"
                    WIDTH="2351"
                    HEIGHT="172">
            <Shape><Polygon POINTS="1262 3774 1253 3681 1421 3672 1426 3672 1426 3672 1426 3672 1430 3672 1430 3672 1448 3681 1492 3699 1514 3681 1519 3672 1519 3672 1519 3672 1523 3672 1523 3672 1527 3672 1527 3672 1527 3672 1532 3672 1532 3672 1536 3672 1567 3681 1634 3694 1713 3681 1802 3663 1802 3663 1802 3663 1806 3663 1806 3663 1913 3681 2006 3694 2041 3681 2094 3659 2094 3659 2099 3659 2099 3659 2099 3659 2621 3655 2626 3655 2626 3655 2630 3655 2630 3655 2701 3681 2710 3686 2714 3681 2763 3650 2767 3650 2767 3650 2767 3650 2772 3650 2772 3650 2776 3650 2776 3650 2776 3650 2781 3650 2781 3650 2781 3650 2785 3650 2785 3650 2785 3655 2816 3681 2821 3690 2993 3690 3020 3681 3210 3646 3210 3646 3210 3646 3215 3646 3215 3646 3219 3646 3219 3646 3219 3646 3224 3646 3277 3681 3281 3686 3596 3686 3604 3752 3600 3778 3467 3801 3467 3801 3463 3801 3463 3801 3463 3801 3458 3801 3458 3801 3458 3801 3454 3801 3454 3801 3454 3796 3436 3783 3432 3778 3410 3783 3325 3796 3325 3796 3325 3796 3321 3796 3321 3796 3317 3796 3263 3783 3219 3774 3153 3783 3015 3805 3015 3805 3011 3805 3011 3805 2803 3787 2701 3778 2688 3787 2652 3809 2648 3809 2648 3809 2643 3809 2643 3809 2643 3809 2639 3809 2209 3792 2090 3787 2081 3792 2059 3814 2059 3814 2054 3814 2054 3814 2054 3814 2050 3814 2050 3814 2046 3814 2046 3814 2046 3814 1939 3792 1908 3787 1899 3792 1882 3809 1882 3814 1882 3814 1877 3814 1877 3814 1877 3814 1873 3814 1873 3814 1873 3814 1868 3814 1868 3814 1753 3796 1731 3792 1705 3796 1581 3818 1581 3818 1581 3818 1576 3818 1257 3796"/></Shape>
	    <String CONTENT="uintm etiam a Lauino ipsits Latini fraure : et ut"
                    HPOS="1253"
                    VPOS="3646"
                    WIDTH="2351"
                    HEIGHT="172"></String>
          </TextLine>

          
          
          <TextLine ID="eSc_line_fc512dba"
                    TAGREFS="LT85"
                    BASELINE="1262 3876 3600 3889" 
                    HPOS="1248"
                    VPOS="3765"
                    WIDTH="2352"
                    HEIGHT="199">
            <Shape><Polygon POINTS="1262 3876 1253 3801 1377 3765 1381 3765 1381 3765 1386 3765 1386 3765 1386 3765 1390 3765 1390 3765 1390 3765 1395 3765 1439 3796 1448 3805 1479 3796 1594 3765 1598 3765 1598 3765 1603 3765 1926 3765 1926 3765 1926 3765 1930 3765 1930 3765 1930 3765 1935 3765 1935 3765 1935 3770 1961 3792 1975 3809 2511 3809 2550 3787 2577 3770 2581 3770 2581 3770 2581 3770 2586 3770 2586 3770 2590 3770 2821 3770 2821 3770 2962 3774 2962 3774 2962 3774 2967 3774 2967 3774 2971 3774 2971 3774 2971 3778 2980 3783 3011 3814 3095 3787 3100 3787 3100 3787 3100 3787 3104 3787 3104 3787 3108 3787 3108 3787 3108 3787 3113 3787 3113 3787 3113 3792 3139 3818 3374 3818 3436 3778 3441 3774 3445 3774 3445 3774 3445 3774 3449 3774 3449 3774 3454 3774 3454 3774 3454 3774 3458 3774 3458 3774 3458 3774 3463 3774 3467 3778 3520 3814 3587 3778 3600 3889 3587 3964 3503 3924 3365 3955 3365 3955 3365 3955 3361 3955 3361 3955 3361 3955 3356 3955 3356 3955 3356 3955 3308 3929 3263 3955 3263 3955 3259 3955 3259 3955 3255 3955 3255 3955 3255 3955 3250 3955 3250 3955 3250 3955 3246 3955 3246 3955 3241 3955 3170 3924 3077 3951 3055 3955 3051 3955 3051 3955 3046 3955 3046 3955 3046 3955 3002 3947 2812 3907 2285 3907 2258 3924 2214 3960 2214 3960 2209 3960 2209 3960 2205 3960 2205 3960 2205 3960 2201 3960 1767 3938 1448 3955 1443 3955 1443 3955 1443 3955 1439 3955 1248 3894"/></Shape>
	    <String CONTENT="trisq. nominibus coniunuis Laurolauinum : ab abi"
                    HPOS="1248"
                    VPOS="3765"
                    WIDTH="2352"
                    HEIGHT="199"></String>
          </TextLine>

          
          
          <TextLine ID="eSc_line_c130ede5"
                    TAGREFS="LT85"
                    BASELINE="1257 4013 3596 4000" 
                    HPOS="1248"
                    VPOS="3898"
                    WIDTH="2348"
                    HEIGHT="186">
            <Shape><Polygon POINTS="1257 4013 1248 3907 1426 3902 1430 3902 1430 3902 1434 3902 1434 3902 1434 3902 1439 3902 1443 3907 1519 3951 1603 3916 1603 3916 1607 3916 1607 3916 1607 3916 1612 3916 1612 3916 1612 3916 1713 3938 1740 3911 1744 3911 1744 3907 1744 3907 1749 3907 1749 3907 1749 3907 1753 3907 1753 3907 1753 3907 1758 3907 1758 3907 1762 3907 1762 3907 1780 3911 1891 3951 2409 3951 2449 3924 2484 3898 2488 3898 2488 3898 2488 3898 2493 3898 2493 3898 2497 3898 2750 3898 2750 3898 2750 3898 2754 3898 2754 3898 2754 3898 2759 3898 2759 3898 2759 3902 2785 3929 2803 3942 2838 3929 2922 3902 2927 3902 2927 3902 2927 3902 2931 3902 2931 3902 2931 3902 2936 3902 2936 3902 2940 3902 2940 3902 2976 3929 2993 3942 3033 3933 3091 3916 3095 3916 3095 3916 3100 3916 3100 3916 3100 3916 3104 3916 3157 3933 3184 3942 3232 3933 3317 3920 3317 3920 3317 3920 3321 3920 3587 3942 3596 4000 3591 4040 3108 4071 3104 4071 3104 4071 3104 4071 3007 4048 2976 4044 2940 4048 2812 4075 2812 4075 2807 4075 2807 4075 2807 4075 2697 4053 2666 4048 2652 4053 2608 4075 2608 4075 2608 4075 2604 4075 2604 4075 2604 4075 2599 4075 2351 4057 2263 4053 2192 4062 2032 4079 2032 4084 1749 4084 1744 4079 1744 4079 1740 4079 1740 4079 1740 4079 1736 4079 1736 4079 1722 4066 1705 4053 1665 4066 1625 4079 1620 4079 1620 4079 1620 4079 1616 4079 1616 4079 1612 4079 1612 4079 1581 4066 1545 4053 1501 4071 1474 4079 1474 4079 1470 4079 1470 4079 1470 4084 1368 4084 1364 4079 1364 4079 1359 4079 1359 4079 1359 4079 1355 4079 1355 4079 1355 4075 1346 4071 1328 4053 1262 4071"/></Shape>
	    <String CONTENT="quibus creditur nenc esse Sabina, ab alijs Ciuitas"
                    HPOS="1248"
                    VPOS="3898"
                    WIDTH="2348"
                    HEIGHT="186"></String>
          </TextLine>

          
          
          <TextLine ID="eSc_line_db1268e5"
                    TAGREFS="LT85"
                    BASELINE="1262 4128 3591 4101" 
                    HPOS="1257"
                    VPOS="4013"
                    WIDTH="2334"
                    HEIGHT="186">
            <Shape><Polygon POINTS="1262 4128 1257 4053 2196 4053 2201 4044 2218 4031 2218 4026 2218 4026 2223 4026 2223 4026 2223 4026 2227 4026 2227 4026 2227 4026 2232 4026 2537 4044 2577 4044 2581 4044 2626 4022 2626 4022 2626 4022 2630 4022 2630 4022 2635 4022 2635 4022 2776 4044 2803 4044 2829 4040 3007 4017 3007 4017 3011 4017 3011 4017 3179 4040 3188 4040 3197 4040 3330 4013 3330 4013 3330 4013 3334 4013 3582 4040 3591 4101 3591 4141 3503 4168 3498 4168 3498 4168 3494 4168 3494 4168 3494 4168 3489 4168 3489 4168 3489 4168 3449 4146 3410 4172 3405 4172 3405 4172 3405 4172 3401 4172 3401 4172 3396 4172 2914 4159 2825 4159 2803 4163 2732 4181 2728 4181 2728 4181 2723 4181 2723 4181 2581 4168 2449 4155 2435 4172 2426 4181 2422 4181 2422 4186 2422 4186 2418 4186 2418 4186 2413 4186 2413 4186 2413 4186 2409 4186 2409 4186 2320 4172 2201 4159 1984 4181 1904 4190 1904 4190 1899 4190 1899 4190 1895 4190 1895 4190 1895 4190 1891 4190 1886 4186 1855 4163 1736 4190 1722 4190 1722 4190 1718 4190 1718 4190 1700 4190 1492 4168 1262 4199"/></Shape>
	    <String CONTENT="diuina. Ex Seruco, Isaacio, Blonda, Iacopo philoppo"
                    HPOS="1257"
                    VPOS="4013"
                    WIDTH="2334"
                    HEIGHT="186"></String>
          </TextLine>

          
          
          <TextLine ID="eSc_line_5c467854"
                    TAGREFS="LT85"
                    BASELINE="1058 4230 3086 4243 3596 4221" 
                    HPOS="1054"
                    VPOS="4124"
                    WIDTH="2542"
                    HEIGHT="181">
            <Shape><Polygon POINTS="1058 4230 1058 4124 1222 4128 1222 4128 1222 4128 1226 4128 1226 4128 1231 4128 1231 4128 1231 4132 1266 4159 1488 4128 1496 4128 1496 4128 1501 4128 1501 4128 1510 4128 1700 4159 1798 4132 1811 4128 1815 4128 1815 4128 1820 4128 1820 4128 1820 4128 1851 4132 1992 4163 2178 4163 2201 4137 2209 4132 2209 4128 2209 4128 2214 4128 2214 4128 2214 4128 2218 4128 2218 4128 2218 4128 2223 4128 2223 4128 2223 4128 2271 4137 2373 4163 2418 4141 2435 4132 2435 4132 2435 4132 2440 4132 2440 4132 2440 4132 2444 4132 2444 4132 2449 4132 2449 4132 2449 4132 2466 4141 2515 4168 2790 4168 2812 4146 2816 4141 2816 4141 2821 4141 2821 4141 2821 4141 2825 4141 2825 4141 2825 4141 2829 4141 2829 4141 2834 4141 2834 4141 2834 4141 2838 4141 2843 4146 2869 4163 2949 4150 2989 4141 2989 4141 2989 4141 2993 4141 3166 4150 3374 4163 3383 4155 3405 4137 3405 4132 3405 4132 3410 4132 3410 4132 3410 4132 3414 4132 3414 4132 3414 4132 3418 4132 3418 4132 3591 4159 3596 4221 3591 4274 3334 4301 3330 4301 3330 4301 3330 4301 3232 4278 3228 4278 3224 4278 3201 4301 3201 4305 3201 4305 3197 4305 3197 4305 3197 4305 3193 4305 3193 4305 3193 4305 3188 4305 3188 4305 3184 4305 3184 4305 3184 4305 3179 4305 3144 4278 3139 4278 3117 4278 2949 4305 2949 4305 2945 4305 2409 4287 2028 4274 1054 4296"/></Shape>
	    <String CONTENT="32Laus Italiae fluuius inter Lucanos, e Brustios, Laius"
                    HPOS="1054"
                    VPOS="4124"
                    WIDTH="2542"
                    HEIGHT="181"></String>
          </TextLine>

          
          
          <TextLine ID="eSc_line_d2d60280"
                    TAGREFS="LT85"
                    BASELINE="1257 4340 2953 4354 3591 4327" 
                    HPOS="1253"
                    VPOS="4256"
                    WIDTH="2338"
                    HEIGHT="164">
            <Shape><Polygon POINTS="1257 4340 1253 4274 3578 4256 3591 4327 3587 4376 3007 4376 2989 4385 2927 4416 2927 4416 2927 4416 2922 4416 2922 4416 2918 4416 2918 4416 2918 4416 2914 4416 2914 4416 2852 4389 2843 4385 2754 4389 2378 4416 2373 4416 2373 4416 2373 4416 2369 4416 2316 4398 2289 4389 2121 4402 1979 4411 1975 4411 1975 4411 1975 4411 1970 4411 1970 4411 1970 4411 1966 4411 1966 4411 1961 4402 1939 4385 1908 4407 1895 4416 1891 4416 1891 4416 1891 4416 1886 4416 1886 4416 1886 4420 1545 4420 1541 4416 1541 4416 1536 4416 1536 4416 1536 4416 1532 4416 1532 4416 1532 4411 1532 4411 1496 4380 1434 4416 1434 4416 1430 4416 1430 4416 1426 4416 1426 4416 1426 4420 1253 4420"/></Shape>
	    <String CONTENT="a Ptolemaeo dictus, et ab oraculo relato a Strabon : a"
                    HPOS="1253"
                    VPOS="4256"
                    WIDTH="2338"
                    HEIGHT="164"></String>
          </TextLine>

          
          
          <TextLine ID="eSc_line_42738c6c"
                    TAGREFS="LT85"
                    BASELINE="1279 4455 2998 4469 3596 4442" 
                    HPOS="1275"
                    VPOS="4358"
                    WIDTH="2321"
                    HEIGHT="173">
            <Shape><Polygon POINTS="1279 4455 1279 4389 1421 4389 1426 4385 1452 4363 1452 4358 1452 4358 1457 4358 1457 4358 1457 4358 1461 4358 1461 4358 1465 4358 1465 4358 1465 4358 1470 4358 1554 4385 1585 4398 1868 4398 1895 4380 1935 4363 1935 4363 1935 4363 1939 4363 1939 4363 1944 4363 2294 4363 2294 4363 2294 4363 2298 4363 2298 4363 2298 4363 2302 4363 2325 4380 2351 4398 2688 4398 2705 4376 2719 4367 2719 4363 2719 4363 2723 4363 2723 4363 2723 4363 2728 4363 2728 4363 2732 4363 2732 4363 2732 4363 2736 4363 2736 4363 2741 4363 2741 4363 2741 4367 2754 4376 2772 4394 2803 4376 2825 4363 2825 4363 2825 4363 2829 4363 2829 4363 2829 4363 2834 4363 2834 4363 2838 4363 2838 4363 2838 4363 2865 4376 2905 4398 2998 4398 3024 4371 3033 4367 3033 4363 3033 4363 3038 4363 3038 4363 3042 4363 3042 4363 3042 4363 3046 4363 3046 4363 3046 4363 3051 4363 3082 4371 3139 4394 3170 4371 3184 4363 3188 4363 3188 4363 3188 4363 3193 4363 3193 4363 3197 4363 3197 4363 3197 4363 3201 4363 3201 4363 3206 4363 3206 4363 3215 4371 3246 4394 3348 4371 3392 4363 3392 4363 3392 4363 3396 4363 3587 4371 3596 4442 3591 4491 2940 4491 2922 4495 2860 4526 2860 4526 2860 4526 2856 4526 2856 4526 2856 4531 2276 4531 2271 4526 2271 4526 2267 4526 2267 4526 2267 4526 2263 4526 2263 4522 2240 4509 2227 4491 2174 4509 2108 4526 2103 4526 2103 4526 2103 4531 1815 4531 1811 4526 1811 4526 1806 4526 1806 4526 1806 4526 1802 4526 1802 4526 1784 4513 1767 4500 1625 4513 1505 4526 1505 4526 1501 4526 1501 4526 1496 4526 1496 4526 1470 4517 1399 4491 1275 4517"/></Shape>
	    <String CONTENT="Strabone ipso aTalaus, nisi menda ſit in codiex"
                    HPOS="1275"
                    VPOS="4358"
                    WIDTH="2321"
                    HEIGHT="173"></String>
          </TextLine>

          
          
          <TextLine ID="eSc_line_5a020510"
                    TAGREFS="LT85"
                    BASELINE="1279 4575 2967 4575 3591 4535" 
                    HPOS="1275"
                    VPOS="4469"
                    WIDTH="2316"
                    HEIGHT="194">
            <Shape><Polygon POINTS="1279 4575 1275 4486 1837 4517 1908 4482 1908 4482 1908 4482 1913 4482 1913 4482 1913 4482 1917 4482 1917 4482 2125 4513 2249 4482 2254 4482 2254 4482 2258 4482 2258 4482 2258 4482 2413 4513 2484 4491 2488 4491 2488 4491 2488 4491 2493 4491 2812 4509 2896 4478 2896 4478 2900 4478 2900 4478 2900 4478 2905 4478 2905 4478 3069 4504 3100 4478 3100 4473 3100 4473 3104 4473 3104 4473 3104 4473 3108 4473 3108 4473 3108 4473 3113 4473 3113 4473 3303 4504 3578 4469 3591 4535 3587 4597 3170 4606 3135 4632 3131 4632 3131 4632 3131 4632 3126 4632 3126 4632 3122 4632 3122 4632 3122 4632 3011 4610 3007 4610 3002 4610 2953 4655 2953 4655 2949 4655 2949 4655 2949 4655 2945 4655 2945 4655 2945 4655 2940 4655 2577 4628 2201 4659 2196 4659 2196 4659 2196 4659 2192 4659 2192 4659 2187 4659 2139 4628 2130 4624 2125 4628 2063 4659 2063 4659 2063 4659 2059 4659 2059 4659 2059 4663 1891 4663 1886 4659 1886 4659 1882 4659 1802 4632 1744 4619 1669 4637 1594 4655 1594 4655 1594 4655 1589 4655 1589 4655 1589 4655 1585 4655 1585 4655 1545 4641 1496 4619 1452 4641 1434 4650 1434 4650 1434 4650 1430 4650 1430 4650 1426 4650 1426 4650 1426 4650 1421 4650 1395 4641 1324 4619 1288 4646"/></Shape>
	    <String CONTENT="ſuopicor, um postea laum eum appellet, ſicu et Anru⟩"
                    HPOS="1275"
                    VPOS="4469"
                    WIDTH="2316"
                    HEIGHT="194"></String>
          </TextLine>

          
        </TextBlock>
        
        <TextBlock HPOS="3542"
                   VPOS="4619"
                   WIDTH="14"
                   HEIGHT="13"
                   ID="eSc_textblock_f1df01ba"
                   TAGREFS="BT98">
          <Shape><Polygon POINTS="3556 4632 3542 4632 3542 4619 3556 4619 3556 4632"/></Shape>
          
        </TextBlock>
        
        <TextBlock HPOS="1860"
                   VPOS="460"
                   WIDTH="332"
                   HEIGHT="101"
                   ID="eSc_textblock_6d449bbc"
                   TAGREFS="BT99">
          <Shape><Polygon POINTS="2072 460 2192 561 1860 544 1877 495 2072 460"/></Shape>
          
        </TextBlock>
        

        
      </PrintSpace>
    </Page>
  </Layout>
</alto>
