3681 5350
254 552 2690 250 27 Olbia Gallia Narbumnsis, uel, ut est apuo otipanum, Ligui¬

593 731 1035 133 rbs, Cres est. Ex oliuario

450 749 2512 227 olibia Sarmatiae urbs, Olbiopolis a plinio, ab alijs olbis dicta

535 864 2436 170 et Miletopolis Milesiorum colonia, Boysthenes quod in eictu

758 958 1709 169 ſit. Ex Strabone, Plinio, Stephano, Munstero

472 989 2504 223 obia cClliciae urbs propi Isaurum, Trachea, et Hyria appella

544 1110 2440 191 ta, postea Seleucia appallata a Seleuco Nicatorr. Ex Suphani

553 1261 330 121 Eustathis

513 1203 2387 263 plbia Bithyniae metropolis Bostiaeorum colonia ab olbia

548 1319 2445 223 Nympha dicta, Astace, Astacum, et Astacos nuncupata ab Ata

562 1417 2356 183 c0 Neptuni, et olbiae ippius filio : Antigenia etiam, Angore

557 1506 2289 192 Niconedia a Nicomide, et Nicaea ex Eysimachi uyxeri

571 1609 2302 165 nomine, nunc a Turcis Nichor, a nautis Comidia. Ex

566 1734 803 134 Stephano, Munstero.

437 1703 2449 249 8l cachites Aphricae ſinus, Alcon dicitur ab urbe, quae est in

580 1876 1124 148 Mauritana. Ex Munstero

356 1836 2633 268 28Olemacum pannoniae opp. ab Antenino fonrtaae dicitur Allict

620 2028 1374 152 um, nunc Lymbachum. Ex Lazio

379 2046 2637 218 29 Olenia petra mons Elidis ab Adhaiae urbe Olene forte di¬

687 2229 93 107 33

785 2148 2249 188 ipostea Scollis, uel Scollia. Ex Strabone, Steph. Eustathio

392 2242 1771 174 30Oliba Hispaniae rpp. olit est. Ex Munstero

406 2296 2150 209 41 Olicana Britanniae urbs, kxirtebi dicitur. Ex eodem

419 2349 2641 254 40ſiuo Germaniae opp. Helse est ptope Basileam. Ex B Rinano

428 2443 2534 249 3 Oloossus, et Olosson Magnesiae urbs, cueditur Elasson essi

646 2590 1196 160 Epiro. Ex Straloone, Isaaci

423 2576 2530 295 340lophyzus urbs Thraciae circa Athon, Holophryyxis etiam

580 2675 2369 267 dicta, patria Herodot illices, qui librum ſcipsit de Hymphis

584 2897 518 116 Ex Varino.

446 2831 2208 303 10luca uetus Hispaniae urbs, orensis est. Ex Marineo

477 2933 2436 294 Olympia Graeciae urbs, pisa dicebatur a pisa Endymioni

620 3098 2405 219 E  Cclcet E

602 3098 2423 326 pe Cycesium urbem : uel quasi Asa piscina ſcilicet, fou

615 3210 2378 289 tasse propter Alpheum : Arpina etiam ab oenomai m

620 3272 2409 312 tre, et Saturni Hopοο. est autem op0σ cumulus undia

624 3383 2405 299 in altum Subleuatus. Hic ſupiter olyupius colebatur, et

624 3473 2396 307 olympia certamina febant. Ex Strabone, Stephano, Scholi

638 3611 1628 263 in Homerum, in Theocitum, Varino

464 3655 2494 312 87 Olympus Lyciae mons, qui et urbi maximae in ea pro

606 3744 2383 299 uincla nomen dedit, phoenicus etiam dicitur. Ex Strabono

450 3892 2186 245 38Onachrinum pannoniae opp. keuu est. Ex Lazsro

495 3932 2485 303 9onchesmus portus in Epiro, a Strabone orchinus d

620 4115 1039 156 citur, a plinio Echinus.

437 4110 2530 290 4oonij Ægyetiurbs, elj etiam dicta, et Rameses, et pagus

655 4195 2477 303 Arsenoitis, quam ludaei condiderunt, quo chriſum Chira

704 4315 2200 268 mr matre allatum Herodis insidias fugiente dicit. Ex

718 4485 807 214 inonymo Munstero
