3681 5350
642 477 1214 267 tu osa Duiti eiczum

379 615 2708 232 35 Sapetres popali in mediterraneis ponti, Sabeires ſunt. Ex Steph

401 740 2659 165 54 Sarabis Vaccaeorum opp. in Hispania, Zannra a Villanor

633 820 2383 183 no dicitur ; a Didaco Valeria Zamora creditur fuussi Neo

678 967 263 103 nantia

713 905 2303 227 datcia Moesiae urbs à Sardis, et Dacis, qui eam incolue

437 980 285 147 55 Sa

633 1012 2423 214 runt, dicta, Bononia ab Antonino, postea Sophia a Tempel⟩

642 1132 2316 196 Sophiae ibi ab Iustiniani canſtructo est in Bugana

642 1203 2360 210 incensa q. fuit ab Vladislao pannoniae Rege. Ex Bonſe

655 1382 478 120 nio, Lazio

437 1355 2583 241 56 Sardica Thraciae urbs, Trindicza est, uel Vriadiqa, u

655 1489 2361 209 quamdoq. ſcriptum est apud Hicetam. Ex eo, et Zonara

446 1560 2556 227 57 Sardinia Insula in mari Tyrrheno, ix cEXaVrist M

664 1662 2289 214 p. longituudine, uel CcXX M. ut ait Strabo, Laticudine

691 1761 2311 209 2crii, ambitu uel 3 M. uel OtXIt M. ſrugum omn

673 1832 2338 227 um, mellis q. feracissima, animalibus noxijs libera : Olin

669 1934 2414 214 Tchnusa a ſimilitudine urestigis a Agyrsilo uocata, San¬

660 2028 2400 236 dalyotis a Timaeo ab eſigie ſoleae, ab alijs Sandalope

1637 2144 1365 156 pium culta ab Hispanis, qui

673 2197 933 152 a Beroso Cadeſsene

669 2224 2333 228 cum Norace Meracurij, et Etuytheae filio eò accessere

673 2313 2414 246 Inde in Insula regnauit phorcys Neptuni, Thoosina. fit

682 2420 2338 219 ſius, quem Atlas bello nauali ſuperatum interfecitu

682 2510 2302 222 et Deus phorcys creditus ab Ichniusis, et eius filia

696 2603 2297 214 Scylla, qua in mari ſubmersa prope Sicsliam loce

682 2692 2338 219 nomen reliquit. poſtea a Tyrrhenis culta. Sarduo

678 2782 2405 249 mox Maceridis, cuj apud Ægyptios, et Libyas Herc

682 2893 2356 241 cognomen fuit, filius, alij q. Sardi huius fratrrs

682 3067 2423 160 ex Thespiadibus nati, cum Toint.

687 3094 2315 214 lam uenientes, a Sardo eam uocarunt Sardo, Sar

700 3227 2334 201 doon, Sardanam, et Sardonem eam uacarunt, ete

700 3308 2383 227 ab Iolao partem campestrem Iolaeam, populos q. Iolao

704 3419 2347 250 appellarunt. Inde Sardi Heraclidae, hoc est Sardi iig

704 3553 2388 236 ſius posteri dic in Insula regnarunt, Thespiades au¬

687 3655 2387 246 tem Iolais populis : donec a Carthaginiensibus fuere

700 3780 2405 223 pulsi Ipsi uero Carchaginienses Insulam post primums

718 3878 2369 232 bellum punicum amissere, cum milites, quos in Sard

727 3999 2369 205 niam tenebant, Seditione facta ciues omnes Carthag

713 4110 2347 214 nienses inteofecissent : postea milites pulsi a Sardis

704 4217 2396 236 fuere : qui iugum Romani tmperij ſubitie T. Manbo

700 4320 2329 223 Cos auspicijs, Sardorum XXX M interfectis : ic

709 4413 2298 277 Carthaginiensibus uon recesſtutibus prepter bellum,

2895 4556 192 143 quo
