3666 5350
713 633 2422 236 Intonium ſuperaecut. Ex Appiano Abxandrino, Blonddo

704 806 384 143 Merala

472 811 2685 259 4Forum Claudij in Æthruria, Tolpha est : ubi Ioannes Castrea

682 936 2453 196 ſis alumen reperit Pij Secundi temporo. Ex Volaterrano

503 1025 2632 236 putorum Cornelij Italiae opp. in Gallia Togata, a Cornme

704 1145 2422 192 lio Romanorum praefeco appellatum, ab Antiocho,

709 1226 2399 214 qui cum Narsete in Italicm uenit, euersum, a Cle¬

700 1333 2453 218 phi Longobardorum Rege instauratum, Imolaq. appea⟩

700 1462 2435 183 latum, uel ab arcis nomine, quam in eminentiori cu

718 1560 2412 187 nulo haberet, uel quòd quasi ara esset, in qua Cle¬

704 1662 2444 197 phis immolant Rhauenates, Fauentinos, et F0r0Liuienm

709 1756 1886 214 ſes, quos  capieba. Ex Blondo, Leandro

521 1863 2641 205 413 Forum Egurrhum in Hispania Tarraconensi, Riuos

704 1966 2404 165 ſiccus, aut Medina Riuoſi cci dicitur. Ex Munst. Iouio

508 2086 2609 201 1Forum Plaminij in Vmibria, Flgineum uocatur, et Fua

722 2193 1302 147 lignum. Ex Sasaria Lilio

535 2287 2595 218 404oran fuluuis in Subalpina egione, Valenza est. Ex

798 2434 548 134 Olaterrano

521 2492 2600 151 46 Forum Iulium in Gallia Narbonensi inter Olbiam et

686 2590 2422 187 Antipolim, ſexceis stadijs a Massilia distans, Cae

691 2715 2413 156 ſaris Augusti nauale, octauianorum colonia, quae

700 2813 2305 174 pacensis appellatur, et classica, nunc Freius. Ex

713 2938 1360 129 Strabone, Plinio, Munsſtero c

673 3000 2444 178 forum Iulium fuit in Istria a Cacano Auarum Reg

722 3125 2390 134 deletum : curitus ruinas uideri credit Bernardus fuste

718 3236 2488 170 nianus inloco, qui, culius uocatur prope alpes, et

713 3348 1066 151 Tulmetium oppidum

521 3415 2596 187 47Forum Leberortum , Libetiorum ae in agro Nouariensi,

3130 3419 76 236 S

686 3530 2226 161 Burgus Lauizarius uulgo dictur. Ex Merula

535 3620 2680 191 10Forum Liuij in Itala, a Liuio Ronanorum praefect

700 3753 2475 170 appellatum, Forli nunc est, pauria Galli Poëtae Vin

726 3860 2342 183 gilij famillaris, Rainerij Arsendi I C. Bartoli

722 3990 2444 183 praeaeptoris, Ex patra Blondi Historiartum Scriptoris

704 4115 1855 156 celeberriuis. Ex Varrone, Blondo ipso

521 4208 2712 165 497 Eorum Neronis in Gallia Narbonensi, Tricastrum uo a

700 4342 2439 107 catur, uel Tricastinum. Ex Volaterrano, Munſtero

508 4404 2707 214 Ooturum pompls in Gelia, leguta a Grimralio ton

2912 4547 294 156 o
