3698 5413
1268 599 2317 181 eram uersus Taurum Melitina, aut Melitene Aou¬

1273 717 2303 167 niae contermina, Cataonia Comagenae, Cilicia,

1286 829 2290 154 Tyanitis, et Isauria. Aliae quinquì erant Lauius

1273 924 2312 154 ſena, Sargasena, uel Garsauritis ut apus Plini

1273 1019 2307 167 est, Phrygiae contigua, Sarauna, Chamanena, u

1264 1114 2321 167 Cammanene, et Ehimnena, uel Morimene ut Plinio

1273 1217 2307 172 appellat Galatiam tangens Romani undeciniam

1282 1312 2303 190 fecaturam addidere ad Castabala, et Cydistra uses

1277 1438 2303 167 Derban. Nam post persas, Macednmres, Eumenen

1273 1529 2312 189 pharnacem Romani habuere Cappadociam, quam

1273 1646 2312 180 honorem Caesaris Caesaeum uocarunt : nunc cuum

1268 1750 2321 167 Galatia appellatur Amasia : et cum phrygia, Bithynia

1273 1867 2321 135 et Pa1lagonia proprie dicitur Turchia. eo em

1255 1975 2343 136 ex Scythia primum uenere Turcae. Ex Straboi

1268 2061 2335 189 Iozepo, Plinio, Plutarcho, Stephano, Eust athio, Vi

1052 2223 2537 203 17Capres Insula prope Biculiam Iesirta, et Suxosa, abi

1250 2196 772 131 rino, Munstero.

1259 2354 2326 172 Hecataeo Capriene dicitur, ab alijs Capriae, nunc C

1246 2449 2348 207 pi, Blaesi Scurrae poëtae patria. Ex Steph. Bordon

1047 2571 2551 176 68 Capreſia ostia Septeamarium, Magnauacca a Sabellius

1255 2692 2348 154 creditur esse : ubi Stagnus est CeX M. P. ambita piscu

1259 2778 2344 176 ne, Salinis q. inſignis, cum urbe Cymaclo a Cromatis

1259 2877 2335 181 Noae filio condita maritimis aquis ſubmersa olima¬

1259 2981 2339 208 et nunc Comacchio appellaetai. Ex cillu, tAgne Cuida

1250 3094 2353 194 rem tamen fatile Capresiam fuisse olim in agro, qtu

1241 3202 2366 217 Caurea adhuc dicitur in finibus ſtagni ipsius Cyi

1241 3310 1445 167 cli. Ex Agnello Rauenate.

1056 3392 2551 212 69 Capua Campaniae urbs a Capy Troinni, uut Sannitu

1241 3513 2362 190 Duce condita, uocataq. uel ab agro campestri, uela¬

1255 3626 2334 176 duodecim Ciuitatibus, quibus praeeratu : Vulturnum

1241 3698 2353 185 etiam dicta a Vulturno fluuio, Æthruscorum Colo

1250 3807 2353 171 nia, eo loco fuit, qui nunc Burgus Sanctae Mai

1246 3906 2352 176 uocatur : alio q. toco propinqud condita uit Ca

1246 4001 2361 216 pua noua. Ex Vrgilio, Strabone, Liuio, Velleto, See

1219 4113 1648 163 uio, Leonardo Aretino, Blondo.

1043 4190 2560 226 70 Caput Abantum Italiae opp. in Æthruria ab Abanti

1246 4312 2334 189 Rege dictum, Caparbium est, quod etinm Caput

1250 4420 2362 275 ⟦Dluii uocubntur e Aunio Orcturationeurbium Inl

3467 4569 91 194 C
