3666 5350
691 584 1989 236 Stephano, Homoi intrpet, Eustathio, Varino

401 704 2680 209 188 Caidaenis Æolidis urbs in Asia perganenorum nanale

691 829 1677 147 Elaea etiam nuncupata. Ex Stephano

428 913 2546 165 189 Cimbri, Cimmerij a Graeris dici, u asserit Posidonius,

709 994 2421 174 fuere in Cimbrica cherrhoneso, ubi nunc est Holsatia, et

718 1096 2403 161 Slesnuialcensisrgio Vuzgria appellata, et Nordalbin

718 1203 2399 147 gia : Holsatia autem dicta, quòd terra nemorosa Sic

718 1306 2457 147 cum reliquae partes ſinic palustres quas incolunt Marsi

726 1417 2418 152 populi antiqui. Inde acceſsere Cinibo: in Hercyniam Cyxl

726 1533 2422 129 nam, a Bois  pulsi acesser Galliam petiere, ubi Cam

722 1622 2408 170 brx est : et postea cm Heluetijs, Tigurinis, et To

731 1716 2408 169 genis inunci, a Romanis pemi deleti: funae panimi¬

735 1841 2382 169 elpium transitu, panim in Italia in Vercellensi agu

731 1939 2444 187 prope Athisonem amnem ( Sic enim et apud Florum

726 2064 2485 147 legendum uidetur, Reliquiae rediere in Galtiam, et cet

731 2153 2404 178 dunitur esse Zelaudi a Marliano, Guo cene Imbei ſinmt

740 2251 2462 205 Ex Strabonr, Pluarcho, Meyero, Cranteio, Auorula,

731 2411 758 130 Beato Rhenano

481 2465 2712 196 192 imbricum oppium in ostio Bospori Cimmerij, Cimme

731 2603 2502 116 rion inde uocatum, Cimme que, et Otim Cerberiom

3121 2679 90 107 t

744 2692 937 152 Ex Pinio, Vmino.

517 2768 2350 165 191 Cimbulum piceni opp. Cingulum est. Ex Blondo

530 2871 2614 169 19iminus, et Ciminia Laaudin Æthrmia, Laaus Vici,

673 2964 2453 165 ueb Rusilloni dicitur. Ex Declaratione urbimm, Iouio

526 3067 2631 165 193 Cimmerius Bosporus Sarmatiae in Asia, os Scilicet ab

722 3169 2444 161 Euxino ad Maeotidem, qua Maeotis palus in Euxinum

744 3267 2400 157 ingreditur , quo neque Cimbri latrocinando peratrre

744 3352 2355 156 bant, a Cimmerijs ipsis appellatum, uel a Cimmerio

749 3455 2363 174 monter a Graecis Cimmerinus dicitur. Ex Strabone

749 3584 722 147 plinio, Varine

530 3660 2698 178 194 Cimolis Galatiae opp. Cinopolis uocatur, et uugo qui

753 3767 1468 160 noli. Ex Oliuano, Mumnstero.

682 3856 2533 160 Cimolis Insula prope Cretam, a Plimio Cimolus di

735 3972 2498 156 cta, antea uero Echinussa. Ex Plinio ipso, puolemaeo

526 4048 2653 182 195 Circei mons in Latio, Æaeus pnius dictus, ut et apur

767 4186 2488 138 Bucatium legendum est in libello de montibus. nunc

780 4266 2346 156 cercello, olim a cotinenti Separatus Insula fuit

771 4369 2301 165 LXXa Stadiorum, ut Theophrastus Stribit. Ex

771 4489 754 196 plimo. Blonih
