3595 5350
26 829 678 138 qud Strabo oreon

0 913 646 121 appellat, et eius

0 985 472 129 nanale Panor

13 1056 187 161 iun

758 695 2431 187 nunc Valona a Baiazethe Turoarunma Imperaton cap

727 802 2515 156 ta. Sed alij credunt Valonam fuisse oricum oppidun

593 985 2618 165 Apollonia in Thracia, Anthium quoq. appellata. Ex Robi

727 896 2056 156 Ex Strabone, Stephano, Sabellico, Munstero

646 1087 2552 165 Apollonia pisidiae, Mordiaeum olim dicta. Ex Stephano

370 1270 2765 178 2u8 Appua Liguriae opp, a quo Appuani Ligcnes dicuntur

628 1181 2271 160 Apollonia phrygiae, Margium uocata. Ex iodem

388 1453 2818 178 9 Apri, uel Apros, ut est apud Theopompum, Thraciae urb

753 1355 1807 169 nunc dst Pontremot. Ex Volaterrando

428 1649 2796 187 230 Apsyrtus Illyrici Insula, et Vrbs ab Apsyrto dicta, quem

874 1564 2194 152 heodoſiopotis etiam dicitur. Ex Stephano, Sophiano

762 1774 2427 169 Medea dilacerauit, membra què sparsit, ne ab Æet

798 1885 2346 174 patre fugiens ſuperiungeretur, nunc Oscerus, uel

789 2032 1374 157 ossarns eicitur. Ex Bordono

673 2055 2542 223 Apsyrtus licus in Ponte, Apsarus postea dictus. Ex Steph

495 2202 2711 205 3 Apulia Italiae regio à Brundusio Calabriae fine us qua

767 2322 2448 201 ad Garganum, et Ferentanos eb5 M. P. longinudi

789 2452 2413 178 Daunia etiam dicta a Dauno Ilyrico Diomedis foce

789 2576 2359 183 r0, et populi parim Peucetij, partim Daunij : nunc

780 2701 2239 170 Puglia. Ex Strabone, Plinio, Ptolemaer, Blondo

495 2813 2743 183 232 Apulum Daciae opp. Alba Iulia est in Transyluania ab

820 2924 2355 170 ulio Adriano uocatum, quod Germani Vueissen

789 3045 1365 173 burs appellant. Ex Lazio

499 3138 2560 201 23 Aquanuna pannoniae opp. Fuczel dicitur. Ex eodem

472 3285 2726 192 238 Aquae, Romanorum Colonia in Dacia uocata a Samo

807 3424 2435 164 maliore stagnante, Colosuar est in Transylnani

798 3530 2449 183 quod Germani Clausenburg appellant. Ex eodem Lazis

517 3629 2672 196 235 Aquae Augustae Tarbelliorum urbs in Gallia, Baiona

785 3771 1498 156 est in Vasconia. Ex Munstero

526 3874 2676 160 238 Aquae Botonis Hispaniae opp. Balneolum dir. Ex Gerumo

544 3985 2645 161 337 Aquae calidae in Tarraconensi Hispania opp. Vicus

838 4101 2391 143 quacius est, quod oppidum Olij Orense fuisse nolu

825 4208 2426 161 plinius Aras Sextias uocat, Mela Augusti turri

825 4324 2408 187 qquem tamen locum ego apud Ptolem aeum esse creo

829 4427 2453 200 derim Augusti licum, quem auidam dicunt ess. Olucam

829 4547 1236 205 uel Eugon. Ex Munſtero

1462 566 357 147 pnrimus

2528 624 197 98 218

3090 4601 273 209 Aqus
