3681 5350
745 588 2440 210 ensium Colonia : a Gothefido Zoago Genuensi moeniburs

749 740 2383 142 cincta anno e357, et postia a Turcis capta. Ex Iustiniano,

754 864 365 116 Munstero

642 833 2485 245 4 ermae Himgrae ciuitus Sicliae, quae et Therma pythi

887 1025 72 125 in

1204 967 1954 192 philisto, Termine est. Ex Stephano, Munstero

508 1052 2610 196 73 Thermodon, uel Thermodontus fluuius quidan puruus est in

754 1168 2369 156 chaeronea, fluens in Cephisum, Hemonius postea dictus. Ex

749 1270 406 143 plutuarcho

526 1252 2632 254 74 Thosproti, et Thesprotae Epiri populi, Agestaeis etiam uocat

780 1386 1700 178 fuere a quodam Ægesto Dnce. Ex Stephamo

544 1431 2628 267 75 Thessalia in Europa prouincia inter montes ossam, pelium, pindians

780 1538 2405 223 Olympum, et Othrym a Thermopylis ueq.ad peneum, et Macedr

794 1636 2347 196 nes Stadiorum tium milium circuitu : bifniam diuiſa fuit

807 1725 2369 218 pars ad austrum Spertuns Deucalioni in ſortem obuenisse dic

803 1836 2360 196 tur, qui eam uocauit pandoram, pyrrhaeam, Pyrrhodiam, et

807 1912 2383 210 pyrrham à Pyrtha eins uxo : inde Hellas appellata ab He

812 2019 2387 187 lenr ipsus Deucalionis flio, uel Iouis, uel phthij. Alia prrs Hae

825 2122 2369 205 moni obtig c chlori pelaegi filio, uel Martis : a quo Haemo

820 2224 2347 187 nia dicta fuib, quomodo et apud Dconysum Hulicaransseum

829 2313 2387 197 legendum est : postea Thessalia a Thessab Thespnrotio eia

829 2425 2387 156 Haemonis flio : Nesonis a Nesone Thessabo genito : Dolopi

834 2514 2374 183 a Dolopibus, qui eo ex Larcane accesserane, erantq. pro

829 2621 2392 161 priè in finibus phthiae ad Dodonem Sellis contermini : undi

834 2715 2391 142 et Larcane ipsa Thessalia appellata, Dryopis quoq. Myrumi

847 2826 2365 125 donum terra : Achaea ab Achaeo Xuthi filio, qui in ea Achoi

847 2929 2387 147 imperauit : Setthonie, pPelasgia, et Argos pelasgitum a pelat

861 3000 2311 187 gis, qui ex Arne phocidis in eam uenerant. propnie tamer

856 3080 2369 228 Agns pelaigicum fuib ea Thessalia pars, que est interostia

878 3178 2365 228 penei, Thermopylus, et pindum : alij dicnt fuidse Thessalo

878 3294 2352 201 nicam propinquam Larissae, que nullibi nunc sit, ⟦Aij Thels

878 3397 2347 196 lom plamiciem. Certe ipsa Thessalia nunc appellatur La

865 3504 2369 191 mina,in qua Septuaginta quinq. urbes fuere, nentes trigon

878 3602 2298 169 tn quatuor : in tres partes primum diuisa pelasgium,

892 3691 2329 196 pthiam, et Ahuiam a peluego, phthio, et Achaeo fruuibuos

887 3802 2347 192 filijs Haemonis, et Larichae : unde Thessali ipsi phtdij, Achaes

874 3896 2329 201 et peluegi dici fuere : Si etiam Danai appellanti. Inde⟧ in quri

883 3994 2302 192 nor paus duisa phthitim, Estiaeotim, Thessaloem, et po⟩

887 4097 2321 183 Tasgiotim, Homerus in decem diciſiu, quaedam assumens re

910 4208 2248 183 gionis Oetaeae, Locridij, et Macedoniae. Incolas certe tibus

910 4284 2240 196 ominibus appellauit Myramidonas a Ayrmidom Iouis filio

914 4382 2352 210 Hellenas, et Achaeos ab Helleno, et Achaeo. Athamasres praetere

3069 4498 179 147 ſuer
