3681 5350
696 530 2418 227 Xν ſtadijs airciter distante, et a Cyno opuntis nauale Stade

709 650 2445 228 Lx, ut Strabo at : uelgeb Opunte Lauri Iilio Quorum quidem

696 757 2418 214 opuntiorum pars ſunt Epicnemidij a Cnemide monte dici O

700 873 2400 197 zolarum uerr coloni ſunt in Italia Locri Epizephyrij a O

718 954 2418 227 phyrio promontorio ⟦ciupati quos Pindarus laudat be

713 1087 2374 179 nis legibus praeditos à Zaleuco latis, ratione uiuentes

709 1190 2414 187 et cum uirtute. Ex Strabone, Plinio, Stephano, Eustanch, Vunis

495 1288 2597 169 39 Logia Hyberniae fluuius, Bone est, uel Bore Exauunst. cosi

499 1422 2624 133 90 Londinium Cantiorum urbs in Britannia, regià Anglorum

704 1502 2432 129 ad Tamesim fluuium, Londra dicitur, oli Tiroban

713 1596 1361 138 tum. Ex Zahnia Lilio, Iouio.

481 1658 2669 187 91 Londoris Insula prope Lusitaniam, Barlinga est, uel Barlini

758 1792 1156 133 ga. Ex Munſtero, Castaldo

530 1823 2508 209 92 ongotica Hispaniae urbs, punta Halechdicitur. Ex Beutero

504 1934 2289 206 93 Lotoa Insula in Epiro, Letoia uocatur. Ex Munst.

548 2010 2597 241 94 LOtophagitis Insula Aphricae prope continenem Lotophagorum

736 2140 2405 187 pania Xeν Me p. longitudinr, XXν M. Latitudn o, cet

722 2229 2329 174 ambitu, Meninx etiam appellata, quoniam inhac Insula

740 2345 2320 165 fuerit Meninx urbs, nunc Zerbo : hoc anno MDIX

736 2429 2409 170 Gnalido castello ab Hispanis munito, Sed Italica, et Hispanic

745 2532 2409 174 classe a Turcis fugata, obsesso oppugnato, ualide tuenti

749 2621 2378 201 Aluaro Sandeo fortissimo uiro: ſed commeatibus tani

736 2724 2329 200 dem deficientibus Aluarus ipse, et praesidiarij milites

754 2853 2360 187 eruptione facta, Turcis quàm plurimis peremptis, caes

745 2938 2400 240 Sepringenti cum Alunro capti, Byzantiumq. abduui fuer

745 3058 2364 223 Sed Lotophagi etiam fuere in Aphric in intimo ſinu Syrt

754 3160 2387 210 maioris, quas quidam Alachroas dixere ad philenora

745 3281 2373 183 aras. Artemidorus autem Lotophagos credii fuisse Æthro

754 3392 2355 179 pas Sabitantes ubtra Hesperios Æthiopas uq. ad Cyt

745 3499 2360 179 nem : alij dicunt eos fuusste Camarinaeos in Siciba Ex

758 3620 2400 142 Strabone, Plinio, Polemaeo, Stephano, Scholijs Homeri, Isno

749 3722 754 147 cio, Leone Aphro

526 3767 2601 209 95L otua, Lothiolaus prouincia in Sarmatia. Liuonia ost

762 3883 2361 196 populi olim dicebantur Eſſlui, eram q. Scythae. Ex Mat

767 4003 1410 187 phia a Michou, Iodoco Vuilichio

530 4106 2651 182 96 Louenbum Demetarum oppin Britannia, Pouuesland nunca

785 4217 861 161 patur. Ex Munstero

544 4280 2592 187 97 Loxa Britanmiae fluuius, forchekest in Scotia. Ex Iouio

588 4395 2579 206 38Luca Æthruriae urbo, Fridia Olim, et Ariuga oppellata ſ

2860 4529 356 152 Villano
