<?xml version="1.0" encoding="UTF-8"?>
<alto xmlns:xsi="http://www.w3.org/2001/XMLSchema-instance"
      xmlns="http://www.loc.gov/standards/alto/ns-v4#"
      xsi:schemaLocation="http://www.loc.gov/standards/alto/ns-v4# http://www.loc.gov/standards/alto/v4/alto-4-2.xsd">
  <Description>
    <MeasurementUnit>pixel</MeasurementUnit>
    <sourceImageInformation>
      <fileName>Cod_174_f082v.tif</fileName>
      
    </sourceImageInformation>
  </Description>
  
  <Tags>
    <OtherTag ID="BT98" LABEL="MainZone" DESCRIPTION="block type MainZone"/><OtherTag ID="BT99" LABEL="RunningTitleZone" DESCRIPTION="block type RunningTitleZone"/><OtherTag ID="BT100" LABEL="QuireMarksZone:catchwords" DESCRIPTION="block type QuireMarksZone:catchwords"/><OtherTag ID="BT101" LABEL="TitlePageZone" DESCRIPTION="block type TitlePageZone"/><OtherTag ID="BT110" LABEL="MarginTextZone:note" DESCRIPTION="block type MarginTextZone:note"/><OtherTag ID="BT111" LABEL="NumberingZone:page" DESCRIPTION="block type NumberingZone:page"/>
    <OtherTag ID="LT41" LABEL="headingLine" DESCRIPTION="line type headingLine"/><OtherTag ID="LT43" LABEL="InterlinearLine:correction" DESCRIPTION="line type InterlinearLine:correction"/><OtherTag ID="LT85" LABEL="DefaultLine" DESCRIPTION="line type DefaultLine"/>
  </Tags>
  
  <Layout>
    <Page WIDTH="3698"
          HEIGHT="5310"
          PHYSICAL_IMG_NR="161"
          ID="eSc_dummypage_">
      <PrintSpace HPOS="0"
                  VPOS="0"
                  WIDTH="3698"
                  HEIGHT="5310">
        
        <TextBlock HPOS="956"
                   VPOS="531"
                   WIDTH="2671"
                   HEIGHT="3995"
                   ID="eSc_textblock_18db455e"
                   TAGREFS="BT98">
          <Shape><Polygon POINTS="2763 531 3573 548 3609 601 3627 4473 3520 4526 992 4509 956 3770 1169 3624 1186 3132 1133 2796 956 2703 956 1858 1133 1677 956 1623 956 1504 1169 1393 1186 1203 1093 1039 956 986 956 867 1111 796 1169 619 1275 584 2763 531"/></Shape>
          
          
          <TextLine ID="eSc_line_f4e220fc"
                    TAGREFS="LT85"
                    BASELINE="1204 654 2878 615 3569 628" 
                    HPOS="1186"
                    VPOS="482"
                    WIDTH="2383"
                    HEIGHT="212">
            <Shape><Polygon POINTS="1204 654 1186 561 1275 522 1275 522 1279 522 1279 522 1279 522 1284 522 1284 522 1284 522 1288 522 1381 553 1395 557 1545 557 1550 548 1572 531 1572 526 1572 526 1576 526 1576 526 1576 526 1581 526 1581 526 1585 526 1585 526 1585 526 1589 526 1589 526 1629 544 1691 513 1691 513 1691 513 1696 513 1696 513 1696 513 1700 513 1700 513 1705 513 1705 513 1780 539 1806 548 2178 548 2249 526 2280 517 2285 517 2285 517 2285 517 2289 517 2289 517 2329 522 2449 539 2559 513 2626 500 2626 500 2626 500 2630 500 2630 500 2714 508 2790 517 2878 504 2958 491 2958 491 2962 491 3073 491 3073 491 3073 491 3077 491 3077 491 3077 491 3082 491 3086 495 3131 526 3272 500 3272 500 3272 500 3277 500 3277 500 3410 522 3556 482 3569 628 3565 654 2475 654 2267 668 1957 685 1953 685 1953 685 1758 672 1713 668 1705 672 1682 690 1682 690 1678 690 1678 690 1674 690 1674 690 1674 690 1395 694 1390 694 1200 672"/></Shape>
	    <String CONTENT="rarcne quindecim dierum Spatio, et duplici fossa muniercar"
                    HPOS="1186"
                    VPOS="482"
                    WIDTH="2383"
                    HEIGHT="212"></String>
          </TextLine>

          
          
          <TextLine ID="eSc_line_e30d0f71"
                    TAGREFS="LT85"
                    BASELINE="1045 880 1483 858 3255 836" 
                    HPOS="1036"
                    VPOS="730"
                    WIDTH="2219"
                    HEIGHT="181">
            <Shape><Polygon POINTS="1045 880 1036 787 1124 787 1124 783 1151 761 1151 756 1151 756 1155 756 1155 756 1155 756 1160 756 1160 756 1160 756 1164 756 1164 756 1319 778 1390 752 1390 752 1395 752 1395 752 1395 752 1399 752 1399 752 1403 752 1403 752 1403 752 1408 752 1408 752 1443 778 1443 778 1448 778 1696 752 1696 752 1700 752 1700 752 1864 774 1877 774 1891 774 2019 743 2019 743 2019 743 2023 743 2023 743 2023 743 2028 743 2116 769 2121 769 2121 769 2232 738 2236 738 2236 738 2240 738 2772 756 2918 734 2918 734 2922 734 2922 734 2922 734 2927 734 2993 756 3051 730 3051 730 3051 730 3055 730 3055 730 3060 730 3060 730 3246 756 3255 836 3250 854 3020 885 3020 885 3015 885 3015 885 3015 885 2914 862 2874 858 2821 867 2745 880 2745 880 2741 880 2741 880 2648 871 2564 862 2555 876 2542 889 2537 889 2537 893 2537 893 2533 893 2533 893 2533 893 2528 893 2528 893 2524 893 2524 893 2524 893 2519 893 2519 893 2519 893 2515 893 2515 893 2515 889 2497 876 2488 867 2382 867 2320 880 2240 898 2240 898 2240 898 2236 898 2236 898 2108 885 2006 876 1975 889 1948 902 1948 902 1948 902 1944 902 1944 902 1939 902 1740 893 1474 885 1045 911"/></Shape>
	    <String CONTENT=" conſeruarent. Ex Sabellico, Volaterrano, Iouio"
                    HPOS="1036"
                    VPOS="730"
                    WIDTH="2219"
                    HEIGHT="181"></String>
          </TextLine>

          
          
          <TextLine ID="eSc_line_daa21851"
                    TAGREFS="LT85"
                    BASELINE="1217 756 2670 725 3582 738" 
                    HPOS="1209"
                    VPOS="628"
                    WIDTH="2373"
                    HEIGHT="164">
            <Shape><Polygon POINTS="1217 756 1209 681 1364 650 1364 650 1364 650 1368 650 1368 650 1372 650 1372 650 1372 650 1377 650 1377 650 1408 677 1576 677 1612 646 1612 646 1616 646 1616 646 1616 646 1620 646 1620 646 1625 646 1625 646 1625 646 1629 646 1629 646 1634 646 1669 668 1798 646 1798 646 1798 646 1802 646 1802 646 1961 668 2400 632 2400 632 2404 632 2404 632 2581 659 2621 632 2626 632 2626 632 2626 632 2630 632 2630 632 2635 632 2635 632 2790 654 2829 628 2834 628 2834 628 2834 628 2838 628 2838 628 2843 628 3578 654 3582 738 3582 756 1217 792"/></Shape>
	    <String CONTENT="XXX M hominum operam facientibus, ut Peloponnesum"
                    HPOS="1209"
                    VPOS="628"
                    WIDTH="2373"
                    HEIGHT="164"></String>
          </TextLine>

          
          
          <TextLine ID="eSc_line_e589ca69"
                    TAGREFS="LT85"
                    BASELINE="996 964 3401 933" 
                    HPOS="987"
                    VPOS="836"
                    WIDTH="2414"
                    HEIGHT="177">
            <Shape><Polygon POINTS="996 964 987 880 1607 885 1638 871 1682 854 1682 854 1687 854 1687 854 1687 854 1691 854 2010 871 2130 876 2139 871 2156 854 2156 854 2161 854 2161 854 2161 854 2165 854 2165 854 2165 854 2170 854 2338 867 2342 867 2342 867 2356 849 2360 849 2360 845 2360 845 2364 845 2364 845 2364 845 2369 845 2369 845 2369 845 2373 845 2373 845 2502 867 2511 867 2519 867 2626 845 2626 845 2626 845 2630 845 2630 845 2630 845 2635 845 2635 845 2639 845 2674 867 2683 871 2710 867 2821 840 2821 840 2821 840 2825 840 2825 840 2971 862 2993 867 2998 862 3020 845 3020 840 3020 840 3024 840 3024 840 3024 840 3029 840 3029 840 3029 840 3033 840 3033 840 3038 840 3113 862 3117 862 3117 862 3162 836 3166 836 3166 836 3170 836 3170 836 3170 836 3175 836 3175 836 3392 862 3401 933 3396 982 3197 960 3139 986 3139 986 3139 986 3139 986 3135 986 3135 986 3131 986 3131 986 3126 986 3126 986 3126 986 3126 986 3069 960 2936 960 2905 991 2905 991 2905 991 2905 991 2900 991 2900 991 2896 991 2896 991 2896 991 2891 991 2891 991 2891 991 2878 991 2754 964 2564 991 2564 991 2559 991 2559 991 2559 991 2435 969 2333 995 2316 1000 2311 1000 2311 1000 2311 1000 2307 1000 2307 1000 2276 995 2147 973 2121 995 2121 1000 2121 1000 2121 1000 2116 1000 2116 1000 2116 1000 2112 1000 2112 1000 2112 1000 1846 1004 1842 1004 1842 1004 1837 1004 1824 1000 1740 977 1682 1000 1682 1000 1678 1000 1678 1000 1678 1000 1674 1000 1674 1000 1669 1000 1669 1000 1616 982 1403 1004 1333 1013 1333 1013 1328 1013 1328 1013 1324 1013 1324 1013 1324 1013 1310 1008 1266 986 1217 1008 1204 1013 1204 1013 1200 1013 1200 1013 1195 1013 992 1008"/></Shape>
	    <String CONTENT="di Iſtiaea urbs Ioniae, Oropus postea dicta. Ex Stephano"
                    HPOS="987"
                    VPOS="836"
                    WIDTH="2414"
                    HEIGHT="177"></String>
          </TextLine>

          
          
          <TextLine ID="eSc_line_46136768"
                    TAGREFS="LT85"
                    BASELINE="1195 1057 3556 1026" 
                    HPOS="1191"
                    VPOS="933"
                    WIDTH="2365"
                    HEIGHT="173">
            <Shape><Polygon POINTS="1195 1057 1191 964 1514 982 1536 964 1536 960 1536 960 1536 960 1541 960 1541 960 1541 960 1545 960 1545 960 1545 960 1806 955 1811 955 1811 955 1815 955 1815 955 1815 955 1829 960 1860 977 2298 960 2745 942 2750 942 2750 942 2750 942 2838 960 2869 964 2883 960 2922 938 2922 938 2922 938 2927 938 2927 938 2931 938 2931 938 3117 960 3144 960 3157 960 3272 933 3272 933 3272 933 3277 933 3547 960 3556 1026 3556 1070 1554 1075 1195 1106"/></Shape>
	    <String CONTENT="ſtiaea urbs Euborae, postea Oreus, uel, ut apud Ptolemaeum"
                    HPOS="1191"
                    VPOS="933"
                    WIDTH="2365"
                    HEIGHT="173"></String>
          </TextLine>

          
          
          <TextLine ID="eSc_line_3b3ed802"
                    TAGREFS="LT85"
                    BASELINE="1235 1159 3565 1132" 
                    HPOS="1217"
                    VPOS="1044"
                    WIDTH="2348"
                    HEIGHT="164">
            <Shape><Polygon POINTS="1235 1159 1217 1088 1253 1057 1253 1057 1257 1057 1257 1057 1257 1057 1262 1057 1262 1057 1266 1057 1266 1057 1519 1079 1554 1057 1558 1057 1558 1057 1563 1057 1563 1057 1563 1057 1567 1057 1953 1075 1997 1075 2298 1075 2311 1066 2387 1044 2391 1044 2391 1044 2391 1044 2395 1044 2657 1062 2767 1066 3551 1044 3565 1132 3565 1159 3011 1185 3007 1185 3007 1185 3007 1185 3002 1185 3002 1185 2998 1185 2998 1185 2998 1185 2984 1172 2967 1159 2798 1159 2674 1181 2608 1190 2608 1190 2608 1190 2604 1190 2604 1190 2546 1181 2431 1163 2404 1185 2395 1190 2395 1194 2395 1194 2391 1194 2391 1194 2387 1194 2387 1194 2387 1194 2382 1194 2280 1190 2015 1168 1979 1194 1975 1199 1975 1199 1970 1199 1970 1199 1970 1199 1966 1199 1966 1199 1966 1199 1961 1199 1904 1194 1625 1172 1235 1208"/></Shape>
	    <String CONTENT="ſcriptum est, Horaeus appellatm fuit post, quam Oretam"
                    HPOS="1217"
                    VPOS="1044"
                    WIDTH="2348"
                    HEIGHT="164"></String>
          </TextLine>

          
          
          <TextLine ID="eSc_line_63cf0bff"
                    TAGREFS="LT85"
                    BASELINE="1235 1261 2568 1230 3560 1234" 
                    HPOS="1222"
                    VPOS="1137"
                    WIDTH="2338"
                    HEIGHT="168">
            <Shape><Polygon POINTS="1235 1261 1222 1185 1271 1159 1271 1159 1271 1159 1275 1159 1275 1159 1275 1159 1279 1159 1279 1159 1412 1181 1417 1181 1417 1181 1616 1154 1616 1154 1620 1154 1620 1154 1771 1177 1775 1177 1780 1177 1882 1150 1886 1150 1886 1150 1891 1150 1891 1150 1891 1150 1895 1150 1895 1150 1899 1150 1939 1172 2550 1141 2555 1141 2555 1141 2555 1141 2559 1141 2635 1163 2984 1137 2989 1137 2989 1137 2989 1137 2993 1137 2993 1137 2993 1137 2998 1137 3029 1159 3033 1159 3551 1154 3560 1234 3551 1274 3290 1252 3232 1278 3219 1283 3219 1283 3219 1283 3215 1283 3215 1283 3210 1283 3210 1283 3157 1278 2940 1256 2829 1278 2829 1278 2829 1278 2825 1278 2227 1265 2139 1287 2103 1296 2099 1296 2099 1296 2094 1296 2094 1296 2032 1287 1939 1274 1913 1287 1895 1300 1891 1300 1891 1300 1891 1300 1886 1300 1886 1300 1882 1300 1882 1300 1771 1292 1616 1274 1558 1292 1514 1305 1510 1305 1510 1305 1510 1305 1505 1305 1231 1292"/></Shape>
	    <String CONTENT="ab Hellopiensibus Superati, Istiaeam transmigrarunt, a"
                    HPOS="1222"
                    VPOS="1137"
                    WIDTH="2338"
                    HEIGHT="168"></String>
          </TextLine>

          
          
          <TextLine ID="eSc_line_de4579b2"
                    TAGREFS="LT85"
                    BASELINE="1222 1358 2599 1331 3565 1340" 
                    HPOS="1213"
                    VPOS="1234"
                    WIDTH="2352"
                    HEIGHT="155">
            <Shape><Polygon POINTS="1222 1358 1213 1292 1554 1261 1558 1261 1558 1261 1558 1261 1563 1261 1563 1261 1563 1261 1612 1283 1731 1252 1736 1252 1736 1252 1736 1252 1740 1252 2099 1278 2103 1278 2103 1278 2178 1247 2178 1247 2183 1247 2183 1247 2183 1247 2187 1247 2187 1247 2378 1274 2418 1247 2422 1247 2422 1247 2422 1247 2426 1247 2426 1247 2431 1247 2431 1247 2630 1269 2657 1247 2657 1243 2657 1243 2661 1243 2661 1243 2661 1243 2666 1243 2666 1243 2670 1243 2891 1243 2891 1243 2891 1243 2896 1243 2980 1269 2984 1269 3387 1269 3387 1265 3463 1234 3463 1234 3467 1234 3467 1234 3467 1234 3472 1234 3472 1234 3472 1234 3476 1234 3565 1265 3565 1340 3560 1371 3193 1354 3135 1376 3131 1376 3131 1376 3126 1376 3126 1376 3122 1376 3060 1376 2564 1358 2431 1376 2404 1380 2404 1380 2400 1380 2307 1380 2010 1367 1988 1380 1979 1389 1979 1389 1975 1389 1975 1389 1975 1389 1970 1389 1970 1389 1966 1389 1217 1380"/></Shape>
	    <String CONTENT="erat ſub Tethrio monte in lco Drymo uocato ; Mhen"
                    HPOS="1213"
                    VPOS="1234"
                    WIDTH="2352"
                    HEIGHT="155"></String>
          </TextLine>

          
          
          <TextLine ID="eSc_line_3f987cad"
                    TAGREFS="LT85"
                    BASELINE="992 1553 3560 1531" 
                    HPOS="983"
                    VPOS="1416"
                    WIDTH="2577"
                    HEIGHT="185">
            <Shape><Polygon POINTS="992 1553 983 1429 1200 1429 1200 1429 1200 1429 1204 1429 1204 1429 1204 1429 1204 1429 1209 1429 1209 1429 1209 1433 1240 1464 1372 1482 1443 1451 1443 1451 1448 1451 1448 1451 1448 1451 1452 1451 1452 1451 1457 1451 1457 1451 1532 1477 1762 1477 1868 1429 1873 1429 1873 1429 1877 1429 1877 1429 1882 1429 1882 1429 1882 1429 1886 1429 1886 1429 1891 1429 1984 1469 2187 1433 2192 1433 2192 1433 2196 1433 2196 1433 2196 1433 2201 1433 2201 1433 2201 1433 2201 1433 2205 1433 2263 1473 2502 1433 2564 1424 2564 1424 2568 1424 2568 1424 2568 1424 2612 1433 2759 1473 2847 1473 2900 1433 2905 1429 2909 1429 2909 1429 2909 1429 2914 1429 2914 1429 2914 1429 2918 1429 2918 1429 2962 1433 3091 1460 3197 1438 3219 1433 3219 1433 3219 1433 3224 1433 3224 1433 3224 1433 3228 1433 3228 1433 3237 1438 3303 1469 3449 1469 3476 1438 3498 1420 3498 1416 3498 1416 3503 1416 3503 1416 3503 1416 3507 1416 3507 1416 3511 1416 3511 1416 3511 1416 3516 1416 3516 1416 3516 1416 3556 1438 3560 1531 3551 1584 3427 1557 3060 1557 2852 1588 2838 1588 2838 1588 2834 1588 2834 1588 2807 1588 2581 1570 2271 1588 2201 1593 2196 1593 2196 1593 2196 1593 2192 1593 2192 1593 2192 1593 2187 1593 2187 1593 2187 1588 2156 1566 2032 1566 1975 1593 1961 1597 1961 1597 1957 1597 1957 1597 1957 1597 1953 1597 1953 1597 1953 1597 1948 1597 1948 1597 1935 1593 1886 1570 1740 1570 1713 1593 1709 1597 1709 1597 1705 1597 1705 1597 1705 1597 1700 1597 1700 1597 1700 1601 1612 1601 1607 1597 1607 1597 1603 1597 1603 1597 1603 1597 1598 1597 1598 1597 1598 1593 1594 1593 1572 1570 1514 1593 1501 1597 1501 1597 1496 1597 1496 1597 1496 1601 1133 1601 1129 1597 1129 1597 1124 1597 1124 1597 1124 1597 1120 1597 1120 1597 1120 1593 1120 1593 1098 1575 992 1593"/></Shape>
	    <String CONTENT="62 Astiaeotis regio Thess aliae, quomodo apud Strabonem Ey"
                    HPOS="983"
                    VPOS="1416"
                    WIDTH="2577"
                    HEIGHT="185"></String>
          </TextLine>

          
          
          <TextLine ID="eSc_line_10438d4f"
                    TAGREFS="LT85"
                    BASELINE="1213 1455 2285 1438 3445 1446" 
                    HPOS="1204"
                    VPOS="1345"
                    WIDTH="2241"
                    HEIGHT="141">
            <Shape><Polygon POINTS="1213 1455 1204 1385 1350 1354 1350 1354 1355 1354 1355 1354 1558 1376 1585 1354 1585 1349 1585 1349 1589 1349 1589 1349 1589 1349 1594 1349 1594 1349 1594 1349 1598 1349 1598 1349 1762 1371 1926 1349 1926 1349 1930 1349 1930 1349 1935 1349 1935 1349 1935 1349 1939 1349 1979 1376 2121 1349 2121 1349 2121 1349 2125 1349 2125 1349 2130 1349 2236 1376 2267 1349 2267 1349 2271 1349 2271 1349 2271 1349 2276 1349 2276 1349 2276 1349 2280 1349 2280 1349 2285 1349 2369 1371 2466 1345 2471 1345 2471 1345 2475 1345 2475 1345 2475 1345 2617 1376 2754 1376 2794 1345 2798 1345 2798 1345 2798 1345 2803 1345 2803 1345 2803 1345 2807 1345 2807 1345 2812 1345 2914 1371 3015 1345 3020 1345 3020 1345 3020 1345 3024 1345 3024 1345 3029 1345 3029 1345 3029 1345 3086 1371 3162 1345 3162 1345 3166 1345 3166 1345 3170 1345 3170 1345 3441 1376 3445 1446 3441 1460 1213 1486"/></Shape>
	    <String CONTENT="ensium Colonia a Periale deducta. Ex Strabono"
                    HPOS="1204"
                    VPOS="1345"
                    WIDTH="2241"
                    HEIGHT="141"></String>
          </TextLine>

          
          
          <TextLine ID="eSc_line_f74a9277"
                    TAGREFS="LT85"
                    BASELINE="1213 1663 3569 1641" 
                    HPOS="1200"
                    VPOS="1544"
                    WIDTH="2369"
                    HEIGHT="177">
            <Shape><Polygon POINTS="1213 1663 1200 1584 1262 1562 1266 1562 1266 1562 1266 1562 1271 1562 1271 1562 1275 1562 1275 1562 1275 1562 1279 1562 1279 1562 1279 1566 1297 1584 1306 1593 1470 1593 1479 1579 1496 1566 1496 1566 1501 1566 1501 1566 1501 1566 1505 1566 1505 1566 1505 1566 1510 1566 1510 1566 1616 1579 1669 1588 1713 1579 1833 1557 1833 1557 1833 1557 1837 1557 2294 1579 2360 1579 2364 1579 2413 1553 2413 1553 2413 1553 2418 1553 2418 1553 2418 1553 2422 1553 2657 1570 2688 1548 2688 1548 2692 1548 2692 1548 2697 1548 2697 1548 2697 1548 2701 1548 2701 1548 2705 1548 2705 1548 2705 1548 2710 1548 2710 1548 2741 1575 2843 1548 2847 1548 2847 1548 2847 1548 2852 1548 2852 1548 2993 1570 3038 1548 3038 1548 3038 1548 3042 1548 3042 1548 3042 1548 3046 1548 3046 1548 3051 1548 3051 1548 3051 1548 3055 1548 3055 1548 3086 1575 3086 1575 3091 1575 3210 1544 3215 1544 3215 1544 3219 1544 3219 1544 3560 1575 3569 1641 3551 1699 3503 1668 3401 1699 3401 1699 3396 1699 3396 1699 3396 1699 3392 1699 3392 1699 3387 1699 3387 1699 3387 1699 3387 1699 3325 1668 3131 1668 2945 1668 2914 1699 2914 1703 2914 1703 2909 1703 2909 1703 2909 1703 2905 1703 2905 1703 2905 1703 2905 1703 2900 1703 2900 1703 2586 1677 2555 1703 2555 1703 2550 1703 2550 1703 2550 1703 2546 1703 2546 1703 2542 1703 2542 1703 2356 1685 2329 1708 2329 1708 2325 1708 2325 1708 2325 1708 2320 1708 2320 1708 2320 1708 2178 1712 2116 1712 2112 1712 2112 1712 2112 1712 2108 1712 1975 1681 1944 1708 1944 1712 1944 1712 1939 1712 1939 1712 1939 1712 1935 1712 1935 1712 1935 1712 1930 1712 1612 1685 1470 1716 1470 1716 1470 1716 1465 1716 1465 1716 1461 1716 1461 1716 1461 1716 1399 1685 1355 1716 1350 1716 1350 1716 1350 1716 1346 1716 1346 1716 1346 1716 1213 1721"/></Shape>
	    <String CONTENT="dum est, non autm Iaeotis, ab Istiaeis Euboicis dicta, aiteu"
                    HPOS="1200"
                    VPOS="1544"
                    WIDTH="2369"
                    HEIGHT="177"></String>
          </TextLine>

          
          
          <TextLine ID="eSc_line_24b7e72d"
                    TAGREFS="LT85"
                    BASELINE="1000 1889 2812 1885 3573 1854" 
                    HPOS="992"
                    VPOS="1752"
                    WIDTH="2590"
                    HEIGHT="195">
            <Shape><Polygon POINTS="1000 1889 992 1774 1222 1770 1226 1770 1226 1770 1231 1770 1231 1770 1231 1770 1235 1770 1235 1770 1235 1774 1240 1774 1275 1809 1386 1792 1386 1792 1390 1792 1390 1792 1390 1792 1395 1792 1395 1792 1395 1792 1399 1792 1399 1792 1399 1796 1426 1818 1545 1814 1598 1774 1603 1770 1603 1770 1607 1770 1607 1770 1612 1770 1612 1770 1612 1770 1616 1770 1616 1770 1616 1770 1620 1770 1620 1770 1638 1774 1687 1796 1771 1783 1771 1783 1771 1783 1775 1783 1775 1783 1780 1783 1780 1783 1780 1783 1784 1783 1784 1783 1824 1814 2130 1814 2174 1783 2178 1783 2178 1783 2178 1783 2183 1783 2183 1783 2187 1783 2187 1783 2462 1809 2493 1783 2493 1783 2493 1778 2493 1778 2497 1778 2497 1778 2497 1778 2502 1778 2502 1778 2506 1778 2506 1778 2550 1783 2763 1805 2821 1783 2891 1756 2891 1756 2896 1756 2896 1756 2900 1756 2900 1756 2900 1756 3033 1783 3131 1805 3188 1787 3286 1752 3290 1752 3290 1752 3290 1752 3294 1752 3294 1752 3294 1752 3299 1752 3299 1752 3303 1752 3303 1752 3348 1787 3348 1787 3356 1787 3511 1756 3511 1756 3511 1756 3516 1756 3516 1756 3520 1756 3520 1756 3520 1756 3525 1756 3573 1787 3573 1854 3582 1893 3534 1924 3529 1924 3529 1924 3529 1924 3525 1924 3525 1924 3525 1924 3520 1924 3162 1898 3162 1898 3162 1898 3051 1924 3046 1924 3046 1924 2617 1933 2612 1933 2612 1933 2431 1911 2360 1933 2356 1933 2356 1933 2356 1933 2351 1933 2351 1933 2351 1933 2347 1933 2347 1933 2342 1933 2342 1933 2316 1911 2245 1933 2240 1933 2240 1933 2240 1933 2236 1933 2236 1933 2232 1933 2232 1933 2174 1911 2112 1933 2112 1933 2108 1933 2108 1933 2108 1938 1767 1938 1762 1933 1762 1933 1629 1911 1567 1938 1567 1938 1563 1938 1563 1938 1563 1938 1558 1938 1275 1916 1235 1942 1231 1942 1231 1942 1231 1942 1226 1942 1226 1942 1226 1947 1071 1947 1067 1942 1067 1942 1062 1942 1062 1942 992 1911"/></Shape>
	    <String CONTENT="65 Istonium Frentanorum opp. in Italia, Gastum est in Ai"
                    HPOS="992"
                    VPOS="1752"
                    WIDTH="2590"
                    HEIGHT="195"></String>
          </TextLine>

          
          
          <TextLine ID="eSc_line_ecf696af"
                    TAGREFS="LT85"
                    BASELINE="1217 1783 1992 1765 2763 1774" 
                    HPOS="1209"
                    VPOS="1672"
                    WIDTH="1554"
                    HEIGHT="159">
            <Shape><Polygon POINTS="1217 1783 1209 1712 1647 1708 1674 1681 1674 1677 1674 1677 1678 1677 1678 1677 1678 1677 1682 1677 1682 1677 1687 1677 1687 1677 1953 1703 1957 1703 1961 1703 2001 1672 2001 1672 2006 1672 2006 1672 2010 1672 2010 1672 2010 1672 2015 1672 2015 1672 2019 1672 2019 1672 2019 1672 2072 1699 2183 1672 2187 1672 2187 1672 2192 1672 2192 1672 2196 1672 2196 1672 2196 1672 2249 1699 2271 1677 2271 1672 2271 1672 2276 1672 2276 1672 2276 1672 2280 1672 2280 1672 2285 1672 2701 1672 2701 1672 2701 1672 2705 1672 2705 1672 2763 1699 2763 1774 2759 1823 2435 1827 2431 1827 2431 1827 2426 1827 2426 1827 2426 1827 2422 1827 2422 1827 2418 1823 2391 1800 2125 1823 1979 1831 1975 1831 1975 1831 1975 1831 1970 1831 1970 1831 1944 1818 1904 1805 1753 1805 1722 1818 1696 1831 1696 1831 1696 1831 1691 1831 1691 1831 1687 1831 1687 1831 1687 1831 1682 1831 1682 1831 1682 1831 1678 1831 1678 1831 1665 1818 1651 1809 1217 1814"/></Shape>
	    <String CONTENT="Doris uocabatur. Ex Strabone ipso"
                    HPOS="1209"
                    VPOS="1672"
                    WIDTH="1554"
                    HEIGHT="159"></String>
          </TextLine>

          
          
          <TextLine ID="eSc_line_53214267"
                    TAGREFS="LT85"
                    BASELINE="1213 2000 1966 1982" 
                    HPOS="1191"
                    VPOS="1885"
                    WIDTH="775"
                    HEIGHT="141">
            <Shape><Polygon POINTS="1213 2000 1191 1933 1222 1898 1226 1898 1226 1893 1226 1893 1231 1893 1231 1893 1231 1893 1235 1893 1235 1893 1240 1893 1240 1893 1457 1916 1576 1885 1581 1885 1581 1885 1585 1885 1585 1885 1585 1885 1589 1885 1589 1885 1594 1885 1643 1911 1953 1911 1966 1982 1966 2004 1213 2026"/></Shape>
	    <String CONTENT="tio. Ex Munſtero"
                    HPOS="1191"
                    VPOS="1885"
                    WIDTH="775"
                    HEIGHT="141"></String>
          </TextLine>

          
          
          <TextLine ID="eSc_line_5412502c"
                    TAGREFS="LT85"
                    BASELINE="1000 2132 1727 2110 3565 2128" 
                    HPOS="987"
                    VPOS="1991"
                    WIDTH="2578"
                    HEIGHT="181">
            <Shape><Polygon POINTS="1000 2132 987 2022 1067 1991 1067 1991 1071 1991 1071 1991 1076 1991 1076 1991 1076 1991 1204 2017 1226 2026 1492 2026 1510 2017 1572 1995 1572 1995 1576 1995 1576 1995 1581 1995 1581 1995 1731 2017 1846 2031 1868 2013 1882 2004 1886 2004 1886 2004 1886 2004 1891 2004 1891 2004 1891 2004 1895 2004 1895 2004 1957 2013 2050 2031 2077 2013 2103 1995 2108 1995 2108 1995 2108 1995 2112 1995 2112 1995 2116 1995 2196 1995 2196 1995 2196 1995 2201 1995 2201 1995 2201 1995 2205 1995 2205 2000 2223 2013 2245 2035 2515 2035 2604 2008 2643 2000 2648 2000 2648 2000 2652 2000 2652 2000 2657 2000 2697 2008 2772 2031 2856 2031 2878 2008 2883 2004 2883 2000 2883 2000 2887 2000 2887 2000 2887 2000 2891 2000 2891 2000 2896 2000 3467 2000 3467 2000 3467 2000 3472 2000 3472 2000 3472 2000 3476 2000 3476 2000 3480 2004 3516 2031 3547 2004 3565 2128 3556 2150 3179 2146 3166 2150 3139 2172 3135 2172 3135 2172 3135 2172 3131 2172 3131 2172 3131 2172 3126 2172 3126 2172 3122 2172 3122 2172 3122 2172 3082 2150 3064 2146 2838 2146 2790 2150 2590 2172 2590 2172 2586 2172 2586 2172 2581 2172 2581 2172 2515 2150 2515 2150 2515 2150 2391 2168 2391 2168 2387 2168 2387 2168 2387 2168 2382 2168 2382 2168 2378 2168 2378 2168 2356 2150 2347 2141 2320 2150 2245 2168 2240 2168 2240 2168 2236 2168 2236 2168 2232 2168 2147 2146 2116 2141 2032 2146 1775 2168 1771 2168 1771 2168 1771 2168 1656 2146 1647 2146 1643 2146 1581 2168 1576 2168 1576 2168 1576 2168 1572 2168 1572 2168 1567 2168 1483 2146 1479 2146 996 2146"/></Shape>
	    <String CONTENT="14 Istos Libya Insula a Libyis iptis Vdedo Vdenoë dicitur, u"
                    HPOS="987"
                    VPOS="1991"
                    WIDTH="2578"
                    HEIGHT="181"></String>
          </TextLine>

          
          
          <TextLine ID="eSc_line_91bc053a"
                    TAGREFS="LT85"
                    BASELINE="1120 2256 1842 2225 3224 2216" 
                    HPOS="1107"
                    VPOS="2106"
                    WIDTH="2117"
                    HEIGHT="177">
            <Shape><Polygon POINTS="1120 2256 1107 2172 1200 2132 1200 2132 1204 2132 1204 2132 1204 2132 1209 2132 1209 2132 1412 2163 1505 2128 1505 2128 1510 2128 1510 2128 1514 2128 1514 2128 1740 2150 1775 2124 1775 2124 1780 2124 1780 2124 1780 2124 1784 2124 1784 2124 1784 2124 2156 2119 2161 2119 2161 2119 2165 2119 2165 2119 2236 2150 2263 2124 2263 2119 2263 2119 2267 2119 2267 2119 2267 2119 2271 2119 2271 2119 2271 2119 2276 2119 2276 2119 2280 2119 2280 2119 2351 2150 2519 2150 2550 2119 2550 2119 2550 2119 2555 2119 2555 2119 2559 2119 2559 2119 2559 2119 2564 2119 2564 2119 2564 2119 2568 2119 2568 2119 2573 2119 2573 2119 2573 2119 2604 2146 2807 2146 2874 2119 2874 2119 2878 2119 2878 2119 2883 2119 2883 2119 2883 2119 2887 2119 2887 2119 2887 2119 2891 2119 2918 2141 2967 2106 2971 2106 2971 2106 2971 2106 2976 2106 2976 2106 2976 2106 2980 2106 2980 2106 2980 2106 2984 2106 2984 2106 2989 2106 3038 2137 3215 2141 3224 2216 3219 2234 3020 2234 3015 2234 2989 2261 2989 2265 2989 2265 2984 2265 2984 2265 2984 2265 2980 2265 2980 2265 2976 2265 2391 2252 2369 2270 2369 2274 2369 2274 2364 2274 2364 2274 2364 2274 2360 2274 2360 2274 2360 2278 2214 2278 2209 2274 2209 2274 2205 2274 2139 2256 2112 2247 2090 2256 2046 2274 2046 2274 2041 2274 2041 2274 2041 2274 2037 2274 2037 2274 2032 2274 1966 2256 1935 2252 1891 2261 1789 2278 1789 2278 1789 2278 1784 2278 1784 2278 1780 2278 1780 2278 1740 2265 1722 2256 1643 2265 1492 2283 1492 2283 1488 2283 1116 2274"/></Shape>
	    <String CONTENT="7 phoenicibus unro Cella rharath. Ex Stephano"
                    HPOS="1107"
                    VPOS="2106"
                    WIDTH="2117"
                    HEIGHT="177"></String>
          </TextLine>

          
          
          <TextLine ID="eSc_line_084681f4"
                    TAGREFS="LT85"
                    BASELINE="1018 2340 3560 2323" 
                    HPOS="1014"
                    VPOS="2212"
                    WIDTH="2546"
                    HEIGHT="177">
            <Shape><Polygon POINTS="1018 2340 1014 2230 1173 2230 1173 2230 1173 2230 1178 2230 1178 2230 1178 2230 1182 2230 1235 2270 1479 2270 1550 2239 1550 2239 1554 2239 1554 2239 1558 2239 1558 2239 1558 2239 1563 2239 1563 2239 1563 2239 1598 2256 1669 2225 1678 2221 1678 2221 1682 2221 1682 2221 1682 2221 1687 2221 1740 2221 2271 2261 2400 2225 2404 2225 2404 2225 2409 2225 2409 2225 2409 2225 2413 2225 2413 2225 2475 2252 2608 2234 2608 2234 2612 2234 2612 2234 2794 2256 2843 2221 2847 2221 2847 2221 2847 2221 2852 2221 2852 2221 2852 2221 2856 2221 2856 2221 2860 2221 2860 2221 2945 2252 3015 2225 3015 2225 3020 2225 3020 2225 3024 2225 3024 2225 3024 2225 3029 2225 3117 2252 3277 2225 3277 2225 3281 2225 3281 2225 3281 2225 3436 2252 3542 2212 3560 2323 3556 2358 2670 2385 2666 2385 2537 2371 2391 2358 2347 2376 2320 2385 2320 2385 2316 2385 2316 2385 2316 2385 2311 2385 2311 2385 2245 2376 2147 2362 2116 2376 2090 2389 2090 2389 2090 2389 2085 2389 2085 2389 2085 2389 2081 2389 2081 2389 2015 2380 1908 2362 1275 2362 1018 2389"/></Shape>
	    <String CONTENT="65 Istrus urbs Cretae, Istron ab Artemidoro dicitur. Ex eoidi⟩"
                    HPOS="1014"
                    VPOS="2212"
                    WIDTH="2546"
                    HEIGHT="177"></String>
          </TextLine>

          
          
          <TextLine ID="eSc_line_53664437"
                    TAGREFS="LT85"
                    BASELINE="1164 2447 3565 2433" 
                    HPOS="1147"
                    VPOS="2340"
                    WIDTH="2418"
                    HEIGHT="155">
            <Shape><Polygon POINTS="1164 2447 1147 2380 1186 2349 1186 2349 1191 2349 1191 2349 1191 2349 1195 2349 1195 2349 1200 2349 1200 2349 1200 2349 1310 2371 1341 2349 1346 2349 1346 2349 1346 2349 1350 2349 1350 2349 1350 2349 1355 2349 1355 2349 1359 2349 1359 2349 1359 2349 1364 2349 1364 2349 1390 2371 1501 2349 1501 2349 1501 2349 1505 2349 1775 2371 1811 2371 1820 2371 1864 2349 1864 2349 1868 2349 1868 2349 1868 2349 1873 2349 1873 2349 1877 2349 1877 2349 1926 2367 1930 2371 1935 2367 1948 2349 1953 2349 1953 2345 1953 2345 1957 2345 1957 2345 1957 2345 1961 2345 1961 2345 1966 2345 1966 2345 1966 2345 1970 2345 2032 2367 2041 2367 2050 2367 2116 2345 2121 2345 2121 2345 2121 2345 2125 2345 2471 2358 2719 2367 2732 2354 2745 2345 2745 2340 2745 2340 2750 2340 2750 2340 2750 2340 2754 2340 2754 2340 2759 2340 2759 2340 2759 2340 2825 2349 2891 2362 3551 2340 3565 2433 3556 2486 2838 2469 2767 2491 2763 2491 2759 2491 2759 2491 2759 2495 1164 2495"/></Shape>
	    <String CONTENT="Istrus urbs in Ponto, ab Arrhiano Istraa uocantur. Ex iob⟨a⟩"
                    HPOS="1147"
                    VPOS="2340"
                    WIDTH="2418"
                    HEIGHT="155"></String>
          </TextLine>

          
          
          <TextLine ID="eSc_line_00da2466"
                    TAGREFS="LT85"
                    BASELINE="1000 2570 3551 2557" 
                    HPOS="992"
                    VPOS="2451"
                    WIDTH="2559"
                    HEIGHT="164">
            <Shape><Polygon POINTS="1000 2570 992 2482 1381 2460 1386 2460 1386 2460 1386 2460 1390 2460 1390 2460 1395 2460 1395 2460 1395 2464 1417 2482 1430 2495 1837 2495 1922 2482 2094 2455 2094 2455 2099 2455 2099 2455 2103 2455 2103 2455 2165 2482 2187 2486 2205 2482 2245 2464 2245 2464 2249 2464 2249 2464 2254 2464 2254 2464 2435 2482 2519 2486 2568 2482 2692 2460 2692 2460 2697 2460 2697 2460 2697 2460 2701 2460 2701 2460 2745 2478 2803 2451 2803 2451 2803 2451 2807 2451 2807 2451 2812 2451 2812 2451 2812 2451 2816 2451 2896 2473 2976 2451 2980 2451 2980 2451 2980 2451 2984 2451 2984 2451 2989 2451 2989 2451 3073 2482 3082 2482 3095 2482 3210 2455 3210 2455 3210 2455 3215 2455 3215 2455 3215 2455 3219 2455 3219 2455 3277 2482 3286 2482 3294 2482 3356 2460 3361 2460 3361 2460 3361 2460 3365 2460 3365 2460 3542 2482 3551 2557 3547 2593 2493 2610 2488 2610 2488 2610 2484 2610 2484 2610 2435 2593 2409 2584 2369 2593 2302 2606 2302 2606 2302 2606 2298 2606 2298 2606 2294 2606 2294 2606 2294 2606 2263 2593 2245 2584 1908 2584 1851 2593 1736 2610 1736 2610 1731 2610 1731 2610 1541 2593 1505 2588 1501 2593 1483 2606 1483 2610 1483 2610 1479 2610 1479 2610 1479 2610 1474 2610 1474 2610 1470 2610 1470 2610 1324 2593 1262 2615 1262 2615 1257 2615 1257 2615 1253 2615 1253 2615 1253 2615 1248 2615 1173 2593 1124 2615 1124 2615 1124 2615 1120 2615 1120 2615 1116 2615 1116 2615 1116 2615 996 2588"/></Shape>
	    <String CONTENT="66 Iterobius uicus in Gallia Togata, Stradella est. Ex Ioui"
                    HPOS="992"
                    VPOS="2451"
                    WIDTH="2559"
                    HEIGHT="164"></String>
          </TextLine>

          
          
          <TextLine ID="eSc_line_7a422d98"
                    TAGREFS="LT85"
                    BASELINE="1000 2690 3565 2677" 
                    HPOS="992"
                    VPOS="2562"
                    WIDTH="2573"
                    HEIGHT="177">
            <Shape><Polygon POINTS="1000 2690 992 2588 1071 2570 1071 2570 1071 2570 1076 2570 1076 2570 1080 2570 1080 2570 1080 2570 1085 2570 1085 2570 1102 2588 1116 2597 1160 2588 1222 2570 1226 2570 1226 2570 1231 2570 1231 2570 1231 2570 1319 2588 1417 2606 1439 2588 1452 2579 1452 2575 1452 2575 1457 2575 1457 2575 1461 2575 1461 2575 1461 2575 1465 2575 1465 2575 1470 2575 1470 2575 1470 2575 1496 2588 1532 2606 1567 2588 1598 2570 1598 2570 1598 2570 1603 2570 1603 2570 1607 2570 1705 2570 1705 2570 1705 2570 1709 2570 1709 2570 1709 2570 1713 2570 1713 2570 1713 2575 1731 2588 1749 2610 1837 2610 1868 2588 1895 2566 1895 2566 1899 2566 1899 2566 1904 2566 1904 2566 1904 2566 1908 2566 1908 2566 1908 2566 2006 2588 2046 2597 2072 2588 2130 2566 2130 2566 2134 2566 2134 2566 2139 2566 2139 2566 2139 2566 2263 2588 2294 2593 2325 2588 2435 2566 2435 2566 2435 2566 2440 2566 2440 2566 2444 2566 2444 2566 2502 2588 2537 2606 2697 2606 2896 2601 2922 2588 2998 2562 2998 2562 3002 2562 3002 2562 3007 2562 3007 2562 3007 2562 3011 2562 3011 2562 3015 2562 3015 2562 3015 2566 3046 2588 3055 2597 3551 2593 3565 2677 3556 2730 2865 2708 2604 2734 2577 2734 2577 2734 2573 2734 2511 2734 1944 2712 1868 2734 1855 2739 1851 2739 1851 2739 1851 2739 1846 2739 1846 2739 1806 2734 1651 2716 1000 2734"/></Shape>
	    <String CONTENT="67 thaca Insula in ſinu Ionio lyssis pauia octogintas"
                    HPOS="992"
                    VPOS="2562"
                    WIDTH="2573"
                    HEIGHT="177"></String>
          </TextLine>

          
          
          <TextLine ID="eSc_line_32ac1a64"
                    TAGREFS="LT85"
                    BASELINE="1204 2796 3578 2783" 
                    HPOS="1200"
                    VPOS="2685"
                    WIDTH="2378"
                    HEIGHT="147">
            <Shape><Polygon POINTS="1204 2796 1200 2712 1647 2721 1674 2712 1713 2694 1713 2694 1718 2694 1718 2694 1718 2694 1722 2694 1722 2694 1727 2694 1727 2694 1727 2694 1731 2694 1731 2694 1731 2699 1744 2712 1749 2712 1753 2712 1767 2699 1771 2699 1771 2699 1771 2699 1775 2699 1775 2699 1775 2699 1780 2699 1780 2699 1855 2712 1917 2721 1939 2712 1984 2690 1984 2690 1984 2690 1988 2690 1988 2690 1992 2690 1992 2690 1997 2690 2081 2712 2108 2716 2156 2712 2325 2690 2325 2690 2329 2690 2329 2690 2537 2712 2586 2716 2599 2712 2648 2690 2648 2690 2652 2690 2652 2690 2652 2690 2657 2690 2657 2690 2661 2690 2745 2712 2772 2690 2772 2685 2772 2685 2776 2685 2776 2685 2776 2685 2781 2685 2781 2685 2781 2685 2785 2685 2785 2685 2790 2685 2887 2708 3051 2685 3051 2685 3055 2685 3569 2716 3578 2783 3573 2805 3299 2827 3294 2827 3294 2827 3294 2827 3290 2827 3290 2827 3246 2809 3232 2805 3224 2809 3175 2827 3175 2827 3170 2827 3170 2827 3166 2827 3166 2827 3038 2809 2998 2805 2953 2809 2776 2832 2776 2832 2772 2832 1200 2814"/></Shape>
	    <String CONTENT="diorum ambitu, uel 25 M. P. ut plinius ait, monturs"
                    HPOS="1200"
                    VPOS="2685"
                    WIDTH="2378"
                    HEIGHT="147"></String>
          </TextLine>

          
          
          <TextLine ID="eSc_line_d4076238"
                    TAGREFS="LT85"
                    BASELINE="1213 2898 3573 2880" 
                    HPOS="1204"
                    VPOS="2787"
                    WIDTH="2369"
                    HEIGHT="164">
            <Shape><Polygon POINTS="1213 2898 1204 2814 1665 2801 1669 2801 1669 2801 1674 2801 1696 2805 1758 2823 1775 2805 1784 2796 1784 2796 1789 2796 1789 2796 1789 2796 1793 2796 1793 2796 1798 2796 2059 2796 2059 2796 2059 2796 2099 2801 2201 2818 2267 2801 2280 2796 2285 2796 2285 2796 2285 2796 2289 2796 2289 2796 2294 2796 2307 2801 2382 2818 2537 2796 2586 2792 2586 2792 2590 2792 2590 2792 2590 2792 2595 2792 2595 2792 2595 2792 2599 2792 2599 2792 2599 2796 2604 2796 2621 2818 2834 2818 2940 2792 2971 2787 2971 2787 2971 2787 2976 2787 3069 2792 3405 2809 3560 2787 3573 2880 3569 2916 2453 2942 2449 2942 2449 2942 2444 2942 2444 2942 2444 2942 2440 2942 2440 2942 2440 2938 2422 2920 2418 2916 2404 2920 2342 2947 2342 2947 2338 2947 2338 2947 2338 2951 2183 2951 2178 2947 2178 2947 2174 2947 2174 2947 2174 2947 2170 2947 2170 2947 2170 2942 2147 2924 2143 2920 1448 2920 1439 2924 1399 2951 1395 2951 1395 2951 1390 2951 1390 2951 1390 2951 1386 2951 1386 2951 1209 2924"/></Shape>
	    <String CONTENT="et penu deserta, Compare appellatur. Eius quatuor fio"
                    HPOS="1204"
                    VPOS="2787"
                    WIDTH="2369"
                    HEIGHT="164"></String>
          </TextLine>

          
          
          <TextLine ID="eSc_line_6e930ea2"
                    TAGREFS="LT85"
                    BASELINE="1209 3004 3578 2995" 
                    HPOS="1200"
                    VPOS="2902"
                    WIDTH="2378"
                    HEIGHT="129">
            <Shape><Polygon POINTS="1209 3004 1200 2942 1674 2938 1678 2933 1709 2907 1709 2907 1713 2907 1713 2907 1713 2907 1718 2907 1718 2907 1722 2907 1722 2907 1722 2907 1727 2907 1798 2929 1806 2933 1820 2929 1873 2907 1873 2907 1877 2907 1877 2907 1877 2907 1882 2907 1882 2907 1997 2924 2041 2933 2085 2924 2170 2907 2170 2907 2170 2907 2174 2907 2174 2907 2178 2907 2240 2924 2280 2933 2320 2920 2378 2902 2382 2902 2382 2902 2382 2902 2387 2902 2387 2902 2387 2902 2466 2920 2497 2924 2599 2916 2767 2902 2767 2902 2772 2902 2772 2902 2776 2902 2776 2902 2776 2902 2781 2902 2794 2911 2821 2929 2993 2911 3038 2907 3038 2907 3042 2907 3042 2907 3046 2907 3060 2911 3135 2929 3166 2907 3170 2902 3175 2902 3175 2902 3175 2902 3179 2902 3179 2902 3179 2902 3184 2902 3184 2902 3188 2902 3188 2902 3188 2902 3193 2902 3197 2907 3237 2933 3427 2933 3565 2902 3578 2995 3573 3026 1209 3031"/></Shape>
	    <String CONTENT="re panes, quas Heracleon Glauui filus nominat Me"
                    HPOS="1200"
                    VPOS="2902"
                    WIDTH="2378"
                    HEIGHT="129"></String>
          </TextLine>

          
          
          <TextLine ID="eSc_line_cafbc771"
                    TAGREFS="LT85"
                    BASELINE="1222 3110 3573 3119" 
                    HPOS="1217"
                    VPOS="3026"
                    WIDTH="2356"
                    HEIGHT="137">
            <Shape><Polygon POINTS="1222 3110 1222 3026 3569 3035 3573 3119 3569 3163 1217 3163"/></Shape>
	    <String CONTENT="ſembriam maritimam, Heion, Crocyleiam, et Ægirean"
                    HPOS="1217"
                    VPOS="3026"
                    WIDTH="2356"
                    HEIGHT="137"></String>
          </TextLine>

          
          
          <TextLine ID="eSc_line_164263fa"
                    TAGREFS="LT85"
                    BASELINE="1226 3212 3578 3230" 
                    HPOS="1217"
                    VPOS="3115"
                    WIDTH="2361"
                    HEIGHT="150">
            <Shape><Polygon POINTS="1226 3212 1222 3137 1390 3115 1390 3115 1395 3115 1395 3115 1505 3137 1519 3137 1523 3137 1572 3115 1572 3115 1576 3115 1576 3115 1576 3115 1581 3115 1581 3115 1585 3115 1585 3115 1585 3115 1589 3115 1589 3115 1589 3119 1612 3137 1612 3141 1749 3141 1753 3137 1802 3115 1802 3115 1806 3115 1806 3115 1806 3115 1811 3115 1811 3115 1811 3115 1815 3115 1891 3137 1908 3141 1930 3137 2010 3119 2010 3119 2010 3119 2015 3119 2015 3119 2170 3137 2205 3141 2240 3137 2395 3119 2395 3119 2400 3119 2400 3119 2404 3119 2404 3119 2404 3119 2409 3119 2409 3119 2409 3124 2426 3141 2431 3146 2444 3141 2484 3124 2484 3124 2488 3124 2488 3124 2488 3124 2493 3124 2493 3124 2493 3124 2497 3124 2497 3124 2533 3141 2550 3146 2639 3141 2852 3124 2856 3124 2856 3124 3020 3141 3104 3150 3122 3141 3148 3128 3148 3128 3148 3128 3153 3128 3153 3128 3153 3128 3157 3128 3573 3146 3578 3230 3569 3265 1217 3243"/></Shape>
	    <String CONTENT="uel, ut Eustathius legit, Tracheiam. Sed Heion monsp"
                    HPOS="1217"
                    VPOS="3115"
                    WIDTH="2361"
                    HEIGHT="150"></String>
          </TextLine>

          
          
          <TextLine ID="eSc_line_6d95c26d"
                    TAGREFS="LT85"
                    BASELINE="1222 3340 3578 3332" 
                    HPOS="1217"
                    VPOS="3230"
                    WIDTH="2361"
                    HEIGHT="150">
            <Shape><Polygon POINTS="1222 3340 1217 3239 1492 3256 1589 3239 1612 3234 1612 3234 1612 3234 1616 3234 1616 3234 1620 3234 1620 3234 1629 3239 1687 3256 1736 3239 1749 3234 1749 3234 1753 3234 1753 3234 1758 3234 1758 3234 1762 3234 1762 3234 1762 3234 1771 3239 1820 3265 1930 3265 1966 3239 1970 3234 1975 3234 1975 3234 1975 3234 1979 3234 1979 3234 1984 3234 1984 3234 1984 3234 1988 3234 1988 3234 1997 3239 2054 3261 2205 3239 2245 3234 2245 3234 2249 3234 2249 3234 2311 3239 2462 3252 2475 3239 2484 3234 2484 3230 2484 3230 2488 3230 2488 3230 2488 3230 2493 3230 2493 3230 2493 3230 2497 3230 2497 3230 2502 3230 2502 3230 2528 3239 2577 3256 2608 3239 2621 3230 2626 3230 2626 3230 2630 3230 2630 3230 2635 3230 2723 3230 2723 3230 2723 3230 2728 3230 2728 3230 2728 3230 2732 3230 2732 3230 2732 3234 2741 3239 2759 3261 2865 3261 2891 3239 2905 3230 2909 3230 2909 3230 2909 3230 2914 3230 2914 3230 2914 3230 2918 3230 2918 3230 2918 3230 2922 3230 2922 3230 2927 3230 2940 3239 2976 3261 3060 3261 3077 3239 3086 3234 3086 3230 3086 3230 3091 3230 3091 3230 3091 3230 3095 3230 3095 3230 3095 3230 3100 3230 3100 3230 3170 3239 3272 3256 3565 3243 3578 3332 3573 3380 1217 3367"/></Shape>
	    <String CONTENT="in ipsa Insula, a quo uolunt Neiadas appellatti : Crocghli"
                    HPOS="1217"
                    VPOS="3230"
                    WIDTH="2361"
                    HEIGHT="150"></String>
          </TextLine>

          
          
          <TextLine ID="eSc_line_156e9ac7"
                    TAGREFS="LT85"
                    BASELINE="1213 3451 3565 3433" 
                    HPOS="1204"
                    VPOS="3340"
                    WIDTH="2361"
                    HEIGHT="169">
            <Shape><Polygon POINTS="1213 3451 1204 3363 1333 3354 1337 3354 1337 3354 1337 3354 1341 3354 1341 3354 1346 3354 1346 3354 1355 3363 1377 3380 1452 3363 1483 3354 1488 3354 1488 3354 1492 3354 1492 3354 1496 3354 1496 3354 1496 3354 1514 3363 1554 3380 1634 3363 1660 3358 1660 3358 1660 3358 1665 3358 1665 3358 1665 3358 1669 3358 1682 3363 1740 3380 1771 3363 1784 3354 1789 3354 1789 3354 1793 3354 1793 3354 1793 3354 1798 3354 1798 3354 1798 3354 1802 3354 1833 3363 1873 3376 1913 3363 1957 3349 1961 3349 1961 3349 1961 3349 1966 3349 1966 3349 1970 3349 1970 3349 1970 3349 1975 3349 1997 3363 2015 3376 2032 3363 2063 3349 2063 3349 2063 3349 2068 3349 2068 3349 2072 3349 2072 3349 2072 3349 2152 3363 2214 3376 2245 3363 2280 3349 2280 3349 2285 3349 2285 3349 2285 3349 2289 3349 2289 3349 2289 3349 2294 3349 2342 3367 2373 3376 2395 3367 2431 3345 2431 3345 2431 3345 2435 3345 2435 3345 2440 3345 2440 3345 2440 3345 2550 3367 2586 3371 2652 3367 2865 3345 2865 3345 2869 3345 2869 3345 2874 3345 2949 3367 2967 3371 2984 3367 3091 3340 3095 3340 3095 3340 3100 3340 3100 3340 3104 3340 3210 3367 3215 3367 3215 3367 3445 3340 3445 3340 3449 3340 3449 3340 3454 3340 3560 3371 3565 3433 3565 3473 2267 3500 2263 3500 2263 3500 2152 3478 2143 3478 2139 3478 2085 3504 2085 3504 2085 3504 2081 3504 2081 3504 2081 3504 2077 3504 1762 3482 1634 3509 1634 3509 1634 3509 1629 3509 1629 3509 1625 3509 1625 3509 1625 3509 1620 3509 1585 3486 1346 3509 1341 3509 1341 3509 1341 3509 1209 3478"/></Shape>
	    <String CONTENT="autem, uel Crocyleion etiam Demos dicta fuit. Thuyi"
                    HPOS="1204"
                    VPOS="3340"
                    WIDTH="2361"
                    HEIGHT="169"></String>
          </TextLine>

          
          
          <TextLine ID="eSc_line_2c579f69"
                    TAGREFS="LT85"
                    BASELINE="1222 3570 3569 3540" 
                    HPOS="1217"
                    VPOS="3442"
                    WIDTH="2352"
                    HEIGHT="195">
            <Shape><Polygon POINTS="1222 3570 1217 3473 1448 3495 1625 3473 1682 3464 1682 3464 1687 3464 1687 3464 1687 3464 1731 3473 1833 3491 1855 3473 1855 3473 1855 3469 1855 3469 1860 3469 1860 3469 1860 3469 1864 3469 1864 3469 1868 3469 1868 3469 1904 3473 2046 3486 2134 3473 2223 3455 2223 3455 2223 3455 2227 3455 2227 3455 2325 3473 2395 3482 2466 3473 2590 3451 2590 3451 2590 3451 2595 3451 2595 3451 2728 3473 2776 3478 2785 3473 2812 3451 2816 3451 2816 3451 2816 3451 2821 3451 2821 3451 2821 3451 2967 3447 2971 3447 2971 3447 2976 3447 2976 3447 2976 3447 2980 3447 2980 3447 3011 3473 3015 3478 3219 3478 3228 3473 3312 3442 3317 3442 3317 3442 3317 3442 3321 3442 3321 3442 3325 3442 3325 3442 3325 3442 3330 3442 3365 3469 3396 3442 3396 3442 3401 3442 3401 3442 3401 3442 3405 3442 3405 3442 3410 3442 3410 3442 3410 3442 3560 3473 3569 3540 3569 3570 2896 3619 2891 3619 2891 3619 2891 3619 2887 3619 2887 3619 2887 3619 2883 3619 2825 3584 2781 3584 2714 3584 2714 3584 2683 3610 2683 3615 2683 3615 2679 3615 2679 3615 2679 3615 2674 3615 2674 3615 2674 3615 2227 3628 2227 3632 2090 3632 2085 3628 2085 3628 2081 3628 2081 3628 1979 3593 1758 3632 1758 3632 1753 3632 1753 3632 1753 3632 1567 3597 1417 3637 1412 3637 1412 3637 1408 3637 1408 3637 1408 3637 1403 3637 1403 3637 1399 3637 1399 3637 1350 3601 1222 3601"/></Shape>
	    <String CONTENT="des uno Croyletam Iosulam aliam dicit esse ab Ithao"
                    HPOS="1217"
                    VPOS="3442"
                    WIDTH="2352"
                    HEIGHT="195"></String>
          </TextLine>

          
          
          <TextLine ID="eSc_line_62ccad44"
                    TAGREFS="LT85"
                    BASELINE="1222 3677 2227 3686 3565 3655" 
                    HPOS="1209"
                    VPOS="3579"
                    WIDTH="2356"
                    HEIGHT="182">
            <Shape><Polygon POINTS="1222 3677 1213 3610 3551 3579 3565 3655 3565 3699 3325 3703 3290 3734 3290 3739 3290 3739 3286 3739 3286 3739 3281 3739 3281 3739 3281 3739 3277 3739 3277 3739 3272 3739 3272 3739 3197 3712 2945 3743 2945 3743 2940 3743 2940 3743 2936 3743 2936 3743 2860 3712 2834 3739 2834 3743 2834 3743 2829 3743 2829 3743 2829 3743 2825 3743 2825 3743 2825 3743 2821 3743 2475 3730 2360 3752 2360 3752 2360 3752 2356 3752 1917 3730 1855 3756 1855 3756 1851 3756 1851 3756 1851 3756 1846 3756 1846 3756 1842 3756 1842 3756 1842 3756 1837 3756 1837 3756 1837 3752 1806 3725 1656 3747 1656 3747 1651 3747 1651 3747 1647 3747 1647 3747 1647 3747 1598 3725 1341 3725 1271 3761 1271 3761 1266 3761 1266 3761 1266 3761 1262 3761 1262 3761 1257 3761 1257 3761 1257 3761 1253 3761 1253 3761 1209 3725"/></Shape>
	    <String CONTENT="x Strabone, Plinio, Stephano, Eustathio, Vuino, Bordon"
                    HPOS="1209"
                    VPOS="3579"
                    WIDTH="2356"
                    HEIGHT="182"></String>
          </TextLine>

          
          
          <TextLine ID="eSc_line_1862e5e4"
                    TAGREFS="LT85"
                    BASELINE="1000 3814 1408 3796 2843 3801 3560 3765" 
                    HPOS="992"
                    VPOS="3677"
                    WIDTH="2568"
                    HEIGHT="177">
            <Shape><Polygon POINTS="1000 3814 992 3699 1222 3699 1222 3699 1222 3699 1226 3699 1226 3699 1306 3734 1328 3712 1328 3712 1333 3712 1333 3712 1333 3712 1337 3712 1337 3712 1337 3712 1341 3712 1341 3712 1346 3712 1408 3730 1443 3699 1443 3699 1448 3699 1448 3699 1448 3699 1452 3699 1452 3699 1452 3699 1612 3694 1616 3694 1616 3694 1616 3694 1620 3694 1620 3694 1620 3694 1674 3725 1705 3699 1705 3694 1709 3694 1709 3694 1709 3694 1713 3694 1713 3694 1718 3694 1815 3694 1815 3694 1815 3694 1820 3694 1820 3694 1820 3694 1824 3694 1824 3694 1873 3734 2037 3708 2037 3708 2041 3708 2041 3708 2041 3708 2046 3708 2046 3708 2046 3708 2094 3730 2280 3708 2280 3708 2285 3708 2285 3708 2289 3708 2289 3708 2289 3708 2294 3708 2294 3708 2294 3712 2316 3730 2453 3708 2453 3708 2457 3708 2457 3708 2457 3708 2462 3708 2462 3708 2462 3708 2466 3708 2488 3725 2528 3699 2533 3699 2533 3699 2533 3699 2537 3699 2537 3699 2542 3699 2542 3699 2723 3725 2754 3699 2754 3694 2754 3694 2759 3694 2759 3694 2759 3694 2763 3694 2763 3694 2767 3694 2767 3694 2767 3694 2772 3694 2772 3694 2776 3694 2776 3694 2821 3725 3255 3725 3290 3694 3290 3690 3290 3690 3294 3690 3294 3690 3299 3690 3299 3690 3299 3690 3303 3690 3303 3690 3432 3703 3542 3677 3560 3765 3556 3809 3069 3818 3015 3845 3015 3845 3011 3845 3011 3845 3011 3845 3007 3845 3007 3845 3007 3845 2896 3823 2807 3854 2807 3854 2803 3854 2803 3854 2798 3854 996 3845"/></Shape>
	    <String CONTENT="68 Ithome Thessalr urbs, Thome,et Thumaeum etiam di"
                    HPOS="992"
                    VPOS="3677"
                    WIDTH="2568"
                    HEIGHT="177"></String>
          </TextLine>

          
          
          <TextLine ID="eSc_line_6b36c5f7"
                    TAGREFS="LT85"
                    BASELINE="1160 3916 2887 3911 3569 3885" 
                    HPOS="1151"
                    VPOS="3818"
                    WIDTH="2418"
                    HEIGHT="155">
            <Shape><Polygon POINTS="1160 3916 1151 3854 1399 3849 1421 3827 1421 3823 1421 3823 1426 3823 1426 3823 1426 3823 1430 3823 1430 3823 1434 3823 1434 3823 1647 3845 1669 3845 1691 3845 1851 3818 1851 3818 1855 3818 1855 3818 1855 3818 1961 3840 1975 3840 2006 3840 2214 3818 2214 3818 2218 3818 2218 3818 2223 3818 2223 3818 2223 3818 2227 3818 2254 3836 2267 3840 3556 3818 3569 3885 3565 3920 3334 3960 3334 3960 3330 3960 3330 3960 3046 3929 3007 3960 3007 3960 3002 3960 3002 3960 3002 3960 2998 3960 2998 3960 2993 3960 2993 3960 2993 3960 2989 3960 2989 3960 2936 3938 2891 3964 2887 3964 2887 3964 2883 3964 2883 3964 2883 3964 2878 3964 2878 3964 2878 3964 2874 3964 2874 3964 2869 3964 2869 3964 2829 3933 2776 3964 2776 3964 2776 3964 2772 3964 2772 3964 2772 3964 2249 3969 2249 3973 2050 3973 2046 3969 2046 3969 2041 3969 2041 3969 2037 3969 2037 3969 1997 3938 1926 3969 1926 3969 1922 3969 1922 3969 1922 3969 1917 3969 1917 3969 1913 3969 1820 3947 1545 3969 1541 3969 1541 3969 1541 3969 1536 3969 1536 3969 1536 3969 1483 3942 1483 3942 1160 3942"/></Shape>
	    <String CONTENT="nuuc Thama. Ex Strabone, Stephano, Eustathio, Vna"
                    HPOS="1151"
                    VPOS="3818"
                    WIDTH="2418"
                    HEIGHT="155"></String>
          </TextLine>

          
          
          <TextLine ID="eSc_line_e9fc4ce0"
                    TAGREFS="LT85"
                    BASELINE="992 4004 2298 4031 3578 4013" 
                    HPOS="987"
                    VPOS="3902"
                    WIDTH="2591"
                    HEIGHT="177">
            <Shape><Polygon POINTS="992 4004 992 3902 1395 3947 1479 3911 1479 3911 1483 3911 1483 3911 1483 3911 1483 3911 1488 3911 1488 3911 1492 3911 1492 3911 1616 3942 1727 3916 1749 3911 1749 3911 1749 3911 1753 3911 1753 3911 1753 3911 1775 3916 1904 3947 1939 3920 1948 3911 1948 3911 1953 3911 1953 3911 1957 3911 1957 3911 1957 3911 1961 3911 1961 3911 1961 3911 1966 3911 1966 3911 1970 3911 1970 3911 1970 3916 1979 3920 2010 3947 2130 3920 2147 3920 2147 3920 2147 3920 2152 3920 2152 3920 2156 3920 2170 3924 2254 3951 2719 3951 2750 3933 2781 3911 2785 3911 2785 3911 2785 3911 2790 3911 2790 3911 2790 3911 2794 3911 2794 3911 2798 3911 2891 3938 2914 3942 2918 3938 2940 3916 2940 3916 2940 3916 2945 3916 2945 3916 2949 3916 2949 3916 2949 3916 2953 3916 2953 3916 2953 3916 2958 3916 2958 3916 2962 3916 2962 3916 2962 3916 2984 3938 3011 3916 3011 3911 3011 3911 3015 3911 3015 3911 3015 3911 3020 3911 3020 3911 3024 3911 3108 3911 3108 3911 3108 3911 3113 3911 3113 3911 3113 3911 3117 3911 3117 3911 3144 3938 3215 3916 3219 3916 3219 3916 3219 3916 3224 3916 3224 3916 3228 3916 3228 3916 3228 3916 3232 3916 3272 3942 3290 3955 3361 3955 3370 3947 3401 3920 3401 3916 3401 3916 3405 3916 3405 3916 3405 3916 3410 3916 3410 3916 3414 3916 3414 3916 3414 3916 3569 3951 3578 4013 3573 4048 3317 4075 3317 4075 3312 4075 3312 4075 3308 4075 3308 4075 3308 4075 3303 4075 3268 4053 3219 4079 3219 4079 3219 4079 3215 4079 3215 4079 3210 4079 2108 4062 1598 4053 1536 4066 1474 4075 1474 4075 1474 4075 1470 4075 1470 4075 1465 4075 1430 4066 1368 4048 1186 4066 1133 4071 1133 4071 1129 4071 1129 4071 1124 4071 1124 4071 1124 4071 1120 4071 1120 4071 1120 4066 1120 4066 1116 4066 1098 4044 987 4066"/></Shape>
	    <String CONTENT="89 Iton urbs Thessaliae, Itonos quoq. dicta ab Itone Hor⟨o⟩"
                    HPOS="987"
                    VPOS="3902"
                    WIDTH="2591"
                    HEIGHT="177"></String>
          </TextLine>

          
          
          <TextLine ID="eSc_line_b052bb84"
                    TAGREFS="LT85"
                    BASELINE="1195 4128 2967 4141 3578 4119" 
                    HPOS="1186"
                    VPOS="4035"
                    WIDTH="2392"
                    HEIGHT="159">
            <Shape><Polygon POINTS="1195 4128 1186 4066 1244 4035 1244 4035 1244 4035 1248 4035 1248 4035 1253 4035 1465 4035 1465 4035 1465 4035 1470 4035 1470 4035 1470 4035 1474 4035 1474 4035 1505 4062 1541 4035 1545 4035 1545 4035 1545 4035 1550 4035 1550 4035 1554 4035 1554 4035 1554 4035 1674 4062 1691 4062 1722 4062 1939 4035 1939 4035 1944 4035 1944 4035 1944 4035 1948 4035 2015 4057 2050 4066 2307 4053 2484 4044 2488 4044 2488 4044 2488 4044 2493 4044 2493 4044 2493 4044 2497 4044 2497 4044 2502 4048 2524 4071 2732 4071 2754 4048 2759 4044 2759 4040 2759 4040 2763 4040 2763 4040 2763 4040 2767 4040 2767 4040 2767 4040 2772 4040 2878 4044 3170 4066 3210 4040 3210 4040 3215 4040 3215 4040 3215 4040 3219 4040 3219 4040 3224 4040 3224 4040 3224 4040 3241 4040 3352 4062 3565 4040 3578 4119 3573 4159 2023 4194 2019 4194 2019 4194 1829 4159 1829 4159 1824 4159 1718 4190 1713 4190 1713 4190 1713 4194 1483 4194 1479 4190 1479 4190 1474 4190 1474 4190 1474 4190 1470 4190 1470 4190 1470 4186 1443 4163 1337 4181 1337 4181 1337 4181 1333 4181 1333 4181 1186 4155"/></Shape>
	    <String CONTENT="aqubuedam Siton, ubi colebatur Minerua Inoriaſ"
                    HPOS="1186"
                    VPOS="4035"
                    WIDTH="2392"
                    HEIGHT="159"></String>
          </TextLine>

          
          
          <TextLine ID="eSc_line_07731f1c"
                    TAGREFS="LT85"
                    BASELINE="983 4261 2657 4252 3472 4256 3573 4274" 
                    HPOS="974"
                    VPOS="4141"
                    WIDTH="2599"
                    HEIGHT="177">
            <Shape><Polygon POINTS="983 4261 974 4177 1067 4177 1071 4172 1098 4150 1098 4146 1098 4146 1102 4146 1102 4146 1102 4146 1107 4146 1107 4146 1111 4146 1390 4146 1390 4146 1390 4146 1395 4146 1395 4146 1448 4168 1457 4172 1474 4168 1545 4155 1545 4155 1545 4155 1550 4155 1550 4155 1550 4155 1554 4155 1598 4168 1643 4181 2041 4177 2059 4163 2077 4150 2081 4150 2081 4150 2081 4150 2085 4150 2085 4150 2085 4150 2090 4150 2090 4150 2094 4150 2094 4150 2094 4150 2121 4163 2156 4181 2192 4163 2218 4150 2218 4150 2218 4150 2223 4150 2223 4150 2227 4150 2227 4150 2320 4159 2444 4177 2497 4159 2537 4146 2542 4146 2542 4146 2542 4146 2546 4146 2546 4146 2550 4146 2599 4159 2679 4181 3255 4181 3286 4150 3286 4150 3286 4150 3290 4150 3290 4150 3290 4150 3294 4150 3294 4150 3294 4150 3299 4150 3299 4150 3303 4150 3308 4150 3401 4177 3449 4150 3458 4141 3463 4141 3463 4141 3467 4141 3467 4141 3467 4141 3472 4141 3573 4150 3573 4274 3573 4287 2670 4309 2666 4309 2666 4309 2604 4301 2515 4283 2449 4301 2404 4314 2400 4314 2400 4314 2400 4318 2170 4318 2165 4314 2165 4314 2161 4314 2161 4314 2156 4314 2156 4314 2143 4305 2112 4283 1226 4283 1164 4314 1164 4314 1164 4314 1164 4314 1160 4314 1160 4314 1160 4318 983 4318"/></Shape>
	    <String CONTENT="70 Iturisa Vasconum urbs in Hispania, Sanguessa ,Sdhr"
                    HPOS="974"
                    VPOS="4141"
                    WIDTH="2599"
                    HEIGHT="177"></String>
          </TextLine>

          
          
          <TextLine ID="eSc_line_26d106ff"
                    TAGREFS="LT85"
                    BASELINE="1191 4358 2980 4358" 
                    HPOS="1182"
                    VPOS="4261"
                    WIDTH="1802"
                    HEIGHT="155">
            <Shape><Polygon POINTS="1191 4358 1186 4287 1696 4261 1700 4261 1700 4261 1944 4287 1979 4292 1997 4287 2099 4261 2103 4261 2103 4261 2108 4261 2108 4261 2108 4261 2112 4261 2112 4261 2116 4261 2116 4261 2116 4265 2147 4292 2152 4292 2156 4292 2232 4270 2236 4270 2236 4270 2240 4270 2240 4270 2240 4270 2245 4270 2245 4270 2245 4270 2285 4292 2294 4296 2590 4296 2595 4292 2626 4265 2626 4265 2630 4265 2630 4265 2630 4265 2635 4265 2635 4265 2639 4265 2639 4265 2639 4265 2643 4265 2643 4265 2643 4265 2648 4265 2688 4292 2865 4265 2865 4265 2869 4265 2869 4265 2869 4265 2874 4265 2984 4296 2980 4358 2984 4380 2909 4411 2909 4411 2905 4411 2905 4411 2905 4416 2046 4416 2041 4411 2041 4411 2037 4411 2037 4411 1957 4385 1395 4385 1324 4407 1319 4407 1319 4407 1319 4407 1315 4407 1315 4407 1315 4407 1310 4407 1310 4407 1306 4407 1306 4407 1284 4389 1262 4407 1262 4411 1262 4411 1257 4411 1257 4411 1257 4411 1253 4411 1253 4411 1253 4411 1248 4411 1248 4411 1244 4411 1244 4411 1244 4411 1182 4380"/></Shape>
	    <String CONTENT="est, uel Toloseta. Ex Munsteo, Castaldo"
                    HPOS="1182"
                    VPOS="4261"
                    WIDTH="1802"
                    HEIGHT="155"></String>
          </TextLine>

          
          
          <TextLine ID="eSc_line_85a5369d"
                    TAGREFS="LT85"
                    BASELINE="1014 4478 2962 4486 3578 4447" 
                    HPOS="1000"
                    VPOS="4367"
                    WIDTH="2578"
                    HEIGHT="190">
            <Shape><Polygon POINTS="1014 4478 1000 4411 1111 4371 1116 4371 1116 4371 1116 4371 1120 4371 1120 4371 1328 4402 1350 4407 1364 4402 1448 4371 1448 4371 1452 4371 1452 4371 1457 4371 1589 4371 1589 4371 1589 4371 1594 4371 1594 4371 1594 4371 1598 4371 1598 4376 1629 4398 1638 4407 1687 4398 1793 4380 1793 4380 1798 4380 1798 4380 1922 4394 2037 4407 2063 4394 2090 4371 2094 4371 2094 4371 2094 4371 2099 4371 2099 4371 2103 4371 2218 4371 2218 4371 2218 4371 2223 4371 2223 4371 2223 4371 2227 4371 2249 4389 2276 4407 2426 4385 2440 4385 2440 4385 2444 4385 2444 4385 2462 4385 2697 4407 2732 4380 2741 4371 2741 4371 2745 4371 2745 4371 2745 4371 2750 4371 2750 4371 2754 4371 2754 4371 2825 4376 3086 4407 3184 4371 3188 4371 3188 4371 3193 4371 3193 4371 3197 4371 3197 4371 3210 4371 3356 4394 3565 4367 3578 4447 3560 4540 3511 4513 3352 4513 3303 4535 3272 4553 3272 4553 3272 4553 3268 4553 3268 4553 3268 4553 3263 4553 3263 4553 3259 4553 3259 4553 3259 4553 3224 4535 3197 4522 3184 4535 3166 4548 3166 4553 3166 4553 3162 4553 3162 4553 3162 4553 3157 4553 3157 4553 3153 4553 3153 4553 2953 4535 2918 4531 2914 4531 2891 4553 2891 4553 2887 4553 2887 4553 2887 4553 2883 4553 2883 4553 2883 4557 2559 4557 2555 4553 2555 4553 2550 4553 2550 4553 2550 4553 2546 4553 2546 4553 2546 4548 2524 4531 2524 4531 2524 4531 2254 4540 2249 4540 2249 4540 2245 4540 2192 4526 2143 4513 2103 4526 2023 4553 2019 4553 2019 4553 2019 4553 2015 4553 2015 4553 1727 4522 1643 4513 1603 4522 1448 4553 1448 4553 1448 4553 1443 4553 1443 4553 1439 4553 1439 4553 1439 4553 1434 4553 1381 4517 1368 4513 1293 4513 1271 4517 1102 4553 1102 4553 1102 4553 1098 4553 1098 4553 1098 4553 1093 4553 1093 4553 1005 4513"/></Shape>
	    <String CONTENT="7 Iulia Istiae urbs a colchis cndta, Pola est. Eu perto ae"
                    HPOS="1000"
                    VPOS="4367"
                    WIDTH="2578"
                    HEIGHT="190"></String>
          </TextLine>

          
        </TextBlock>
        
        <TextBlock HPOS="1860"
                   VPOS="442"
                   WIDTH="314"
                   HEIGHT="119"
                   ID="eSc_textblock_9f251131"
                   TAGREFS="BT99">
          <Shape><Polygon POINTS="1913 442 2103 442 2174 544 1860 561 1913 442"/></Shape>
          
        </TextBlock>
        

        
      </PrintSpace>
    </Page>
  </Layout>
</alto>
