3698 5413
1015 654 2570 203 is2 Brutos Italiae populi Lucandrum pasteres transfugae, Cla

1277 775 2285 154 bri nunc ſune. Sed Calabria continet etiam Magn

1300 861 2239 162 Graeiam, et Iapygiam. Magna Graecia fuit Eucare

1300 947 2244 176 dicta propter cuitates nultas, inſignes q. a Graea

1309 1037 2258 180 in ec conditas : quanuis etiam Sicilia ſub Magnd

1304 1136 2263 190 Graeciae nomine contineretur. Iapygcia autem par

1313 1258 2258 149 usq. ad Dauniam dicta fuit ab Iapyge Daedali flio,

1309 1339 2262 194 ab Iapyge oppudo. Mesapia quoque, uel Messapia

1309 1447 2271 194 Messapo, Mesapo uè, aut Mesapio, qui ex Euboea

1322 1560 2263 172 trans migrauit in Italiam, Mesapygia etiam, Pecu

1300 1664 2289 167 cetia ab Denotri fratre Lycaonis filio ; Salacia,

1313 1777 2276 167 Salentinis populis incolis. Valente item, et Valente

1309 1890 2276 139 ut ait Dion, uel Calentia, ut alij : quae propnie nur

1318 1975 2271 145 dicitur Terra ptranti a Tarento Brumdusta

1309 2088 2276 135 usq. 35. M. P. itinere. Hos populos Hecataeus uo

1304 2169 2290 167 uit Peucetiantes, Herodotus peucetes, alij peuceo

1313 2259 2276 199 Andanios, poeiiclos, Iapyges Mesapios, Calabro

1318 2381 2280 181 Ex Dionysio, Straborue, plinnit, Stephano, Isaaia

1052 2580 2537 167 143 Beyllium urbs propontidis, Cetum appellatur ab ephoro. Ex Se

1300 2485 2176 158 Collenutio, Vobterrano, Varino, Mario Aretio.

1070 2688 2524 158 144 Buba Prentanorum oppidum in Italia upud Ptolemaeum,

1074 2859 2529 181 115 Bubastus Ægypti urbs, Bubastis, et Bubastites dicta a

1327 2774 1671 167 Serabone, et a Plinio dicitur Buca

1291 2959 2316 180 aeluro, quom Ægyptij bubaston appellaunt ; est Pibeſa

1097 3130 2506 180 146 Bubinda Hyberniae fluuius, Slayne est, uel Bian Se

1322 3067 2073 153 uel Azioth. Ex Herodoto, Stephano, Munstero

1313 3247 885 140 Munstero, Castaldo

1110 3315 2493 180 187 Bucinum Istriae opp. prosechium nuncupatur, uino nu

1313 3423 1563 176 clarum, Ribola uocato. Ex Lazio

1137 3482 2457 212 148 Aucra Sicliae promontorium, Butera est. Ex Munster

1164 3577 2439 203 189 Bucrais fons Boeotiae in plataeaeis, polybus etiam eicu

1318 3689 1508 158 fuit, ut Diotimus ait. Ex Sorino

1128 3757 2475 217 150 Budorgis Germaniae opp. Vratis lauia a Rege appl⟨a⟩

1309 3870 2307 230 tum Sleſiae metropolis a Germanis Breslouu. Ex

1309 3974 479 126 Munstero

1128 4028 2493 194 151 Budoris Germaniae urbs, Heylelbherg nuncupatur conta

1313 4149 2308 176 tum Palatinorum Rheni ſedes : uèl potius est Durlar

1327 4249 1463 167 Ex Beato Rhenano, Munstero.

1133 4348 2483 180 152 Buguntae Germaniae populi, Pomerani sunt in oceu

1318 4461 1079 180 littore. Ex Munstero.
