3666 5350
2979 561 187 138 Lat

477 548 2435 245 490 Asio Argiunt qp.i Brliu prbe,runeso ab Asiite fili

753 682 2426 196 caemonis, phaneromeni est. Ab eo ſinus Aſinaeus dicebatur

767 793 2417 187 in quo fuere oppida Achisk data ab Apamemnone Ex Sta

767 931 994 121 phano, Varino, Sophiano.

472 909 2725 294 191 Aspostis et Asphalthes in Syria laus, in quo asydualius i E

749 1016 2413 263 tur pice ſinilis, mare morturm dicitur, et nare Salinms¬

762 1105 2440 236 rum, ab Hieronymo Araba, ab alijs Lacus Samochonites, e

758 1208 2377 263 Sodonmiticus ab urb. Soduna, centum M. E. longiturine

771 1328 2377 268 25. M. laetudine. Ex Plino, Hieronymo, Brocrio, Varino

762 1520 473 169 Mun ſtero.

521 1484 2690 312 312 Aaplum⟧ Plouds urbs ab Ayleane filis Medeae Hoy, upha, ot

758 1600 2457 276 Neptuni, ab aliquibus Hyestus uocatur. Alij tamen diccit

771 1680 2462 290 Nyepum pasum esse in Boeotia ab Hyesto Argiu. Ex Ste

682 1796 2555 245 Aspledan in Bdesstia ab Aspledone orchomeni flio : Sledon

762 1903 2462 250 dicitur, et poſtea Eudielus ex proprietate quadam loca

780 2006 2408 272 ipsius, ut aie Strabo, qui locus yberno tempore apr

776 2113 2452 276 cus est pomeridianis horis, cum alibi tunc frigus inten

771 2224 2466 277 datur propter noctis propin quitatem. Ex Strabum ipte

776 2443 807 133 Eustathio, Varino.

530 2376 2752 299 3593 Assdani Italiae populi: in Eucania, Malſetani ſunt. Ex Vlatero

539 2492 2627 276 334 Assorus Macedonia csuitas ai Ptolomaeo dicitut, a Segyl

762 2612 2408 236 no Alorus, et Azorus, ab Arrbiano Azoreia, à pli uio

762 2777 861 161 Olorus, et Apollonia

544 2768 2680 290 335 Assus urbs in Adlide ad Hellespontua, Colonnia Mity, lenaeo

767 2902 2417 232 rum, ubi Sarcophagus lapis oritur conſumens cadauera,

776 2982 2194 228 Sanai quadraginta dicitur. Ex Stephano, Sophiano

579 3062 2623 281 396 Assyria Asiae prouincia inter Ciliciam, et Araliam, 4 r. M. P

784 3152 2467 258 longitudine, 175 M. Latitudine, a Suri Abrace filio, et Ca

780 3254 2475 250 turae, uel ab Assura urbe, quam Ninus condidit, ea es

784 3352 2476 254 quam Chaldaei Aturiam uocant, alij Cuphrantim a fluuo

776 3446 2461 285 Euphrante, ut ait Stephanus,. Graea Assnriam, Iudaei A

802 3588 2426 241 ram ab Aram Seth filio, et Assyrios ipsos, qui ab Era

767 3682 2497 263 testhene Assyrici, et Assyres dicuntur, Iuhaei ipsi uocans

780 3785 2426 294 Aramenos, quomodo e apud Scrabonem legudum est

784 3896 2471 285 et Arammaeos etian. Continet haec prouincia Palaesti

798 4021 2466 241 nam, Iudaeam, Coelensyriam, phoeniciam Dam a Scenae

789 4164 2480 223 Babyloniam, Mesopotamiam, Sophenem, Comaegenes

793 4280 2449 214 AOiabenem, et Antiochiam prope Ciliciam quas partes

807 4369 2462 236 Iudaei distingunt alijs nominibus additij communi ilt

825 4485 2452 236 Iram, Sicuti Mesopotaniam dicum Aram Naheraijnm

3086 4592 98 138 0a
