3595 5350
1529 588 295 174 primus

2546 601 156 139 14

802 695 2462 192 num, quod Romani munierunt contra Lucanes, et Picen

807 789 2440 191 tes, qui cum Annibale ſocietatem inierant. Vnde alij uo

816 864 2435 232 unt Sanctum Senerinum conditum ex ruinis Septer

526 1083 2667 236 166 Amiternum Samnitum oppidum, quod P Cornelius Cos

798 985 2462 236 pedae a Longobardis oppidi deleti. Ex Blondo, Volaterrano

793 1217 2329 214 cepit, fuit ubi nunc est Aquila a Germanis urb

776 1310 1124 165 conditae. Ex Collenutio

486 1404 2765 201 167 Ammana Syriae Ciuitas, Astarte etiam dicta, prostea phi

816 1511 2444 223 adelphia a Ptolenmaeo philadelpho, ab Iudaeis Rabba, et

807 1622 2377 219 Rabbath metropolis Ammonitarum, inde Amon, et

811 1747 2351 205 Admon nuncupata. Ex Iosepo, Stephano, Hieronymo

789 1854 401 143 Roberto.

490 1939 2694 245 38 Amorges Graeaa Insula, Anmorgios à Charace dicta,

798 2090 2426 188 n Nicolao Amorge, ab alijs Pancale, ul, ut est a

829 2184 2404 214 uo Plinium, Patage, uel Platage, Hypere etiam, pss

802 2309 2413 201 chia, et Carcesia à Carcesio uico illustri, nunc Mo

802 2434 2364 174 gonus 30 M. p. ambitu. Tres urbes habuit Arce

811 2536 2422 192 inem, Ægialenem, uel Melaniam, et Minoiam Simo

802 2657 2311 174 nidis Iambogra phi patriam. Ex Strab Plimo, Sta

798 2759 830 174 phano, Bordona.

530 2862 2694 227 139 Ampelusium Aphricae promontorium, ab alijs appellantur Ca

767 3009 2413 178 put Canteri, ab alijs Caput Sparti, ab alijs puncta

771 3107 2453 205 Alcasar : cum caput Spari uideatur fuisse Cete

771 3214 2458 245 promontorium in Tingitana, ubi Sparti magna feon

785 3348 2421 218 tilitas est. Ex Strabone, Oliuario, Munstero, Roberto

490 3446 2690 263 970 Amphe Rhodiorum Intula, Astrabe etiam dicta, postea

780 3611 2426 191 Casus a Caso Cleomachi patre qui eam incoluit

753 3713 2431 237 nunc Carchi ſatis inculta, ficubus tamen abun

776 3843 2381 218 dans, aubitu 8o Stadiorum, diſtans a Carpatho, ut

753 3994 2431 201 Strabo ait, ſtadijs 70, a Salmoneo uero Cretae pro

762 4115 2382 200 montorio Stadijs 250. Apud plinium Achne perp

771 4230 2400 210 ram repoſuerunt i, qui nuperrimè ipsum correxero

780 4360 2333 236 cum in aotiquis codicabus recti Amphe legeretur

798 4489 1057 259 E7x Otphano, Borbono
