3666 5350
419 655 2698 196 97 Carabantia pannonice opp. a Plinio Sacarbantia nuncuopa

637 793 2498 192 tuo, nunc ebzepregh, uel Scarpringin fiuibus Vuga

454 940 2681 183 72 Caractium apud Tacitum in Germania, est arx Draclien

651 882 1360 130 riae, et Austriae ph Lazio

2238 896 49 133 5

664 1047 1298 143 folsia. Ex Beato Rhenano

428 1136 2667 165 77 Carallis Sardiniae metropolis, Calaris a Stralone, et a

682 1257 2297 134 Plinio dicta, nunc Caralita, et Caller. Ex Munstero

445 1328 2659 170 74 Carambis Asiae promontorium, quod cum Crio Euxini aru

686 1440 2369 147 gustias facit, Comana dicitur. Ex Strab. Munstero.

445 1506 2690 201 75 Carapula Aphricae promontorium, Itali Batalia,u, poe¬

651 1658 1922 125 ni, Gyra flumar appellant. Ex Munſtero

459 1694 2711 191 76 Carbantorigum Selguarum in Britannia opp. Carchicto

673 1818 2448 152 num, uulgo q. Cartikc est in Scotia. Ex polydoro, Iouio

459 1881 2698 192 77 Carbonaria Septemmarium ostium, non quidem Fornace

677 1983 2480 197 ſunt, ut plerique omnes credut nominis ſimilitudine

682 2122 2480 165 decapti. ſed qui Portus Donzellarum appellatur. Nana

691 2233 2426 174 Fornaces ostia nonc ſunt Pali ab eo alueo eſecta

691 2371 2471 165 quem Sicardus Ariolianus in ualles nestras, fluuiosa

700 2474 2430 174 aliquoc demisſit, autiquo fluminis aggere ſcisso Qua

713 2590 2319 169 tamen latius declaraui in ferrariensibus Historijs

463 2692 750 237 acaeet Oisss

1092 2688 410 160 pp Opiss

1199 2773 1949 173 Sematiae populi in Eurmpa, Lapones ſunt iuxtoa

700 2875 2395 161 Noruegiae, et Suetiae Isthmum in Venedico ſinu. Ex

709 2982 486 129 Munstero

459 3049 2671 178 79 Carbulo Hispaniae opp. in Batica, Carpium est. Ex Ma

695 3178 549 125 rio Aretio

468 3196 2698 219 80 Carca Hispaniae opp. Cazorla dicitur, uel haec fuit Cariſ

695 3325 2252 174 ſa Turdetanorum urbs. Ex Beutero, Castaldo

463 3424 2574 222 81 Carcinitus Sarmatia flutius in Europa, Hypacyris a

709 3517 713 156 Mola uocatur

477 3615 2725 174 82C arlia opp. in cherrhoneso Thraciae, uocatum a corie

700 3727 2435 165 uictimae rapto a coruo, Hermochara ctisti filio ſa

722 3825 2404 187 crificante, et eo toco dimiſso : Eysimacheia postea di

722 3932 2493 196 ctum a Lysimacho, et Ptolemaei tempore Hexamilin

731 4048 914 125 Ex eo, et Stepdano

512 4092 2587 183 85 Cardianus Thraciae sinus a Cardia oppdo dictus, ab

735 4208 2431 143 Homero Melas pontus uocatur, a ptolemaeo Melas

749 4288 2421 174 ſinus, propter nigredinem ex pofunditate factum

735 4391 2386 165 uel potius a fluuio Melano in ipso fluente, qui

740 4489 2453 178 fluuius ſic uocatur quia per nigrum ſolum fluens

735 4596 1486 196 niger apparet x Eustathio

2988 4658 169 188 Ca
