3666 5350
481 601 2721 197 85 Bistonium opp. Itulie, Bestiae est, ut ait Salrlictus  Steyla

512 784 2676 165 86 Bithymia Asia preuincia inter propontidem, Suxinum, Myſian

883 717 905 143 Beryſtacia dici udetur

749 882 2386 170 Pliygiam, et paphlagoniam a Thynis Thraciae populi f

744 994 2458 116 circa Salmsdessum, unde incolas acessisse credimus in had

753 1070 2435 164 prouinciam : uel a Bithyne Iouis, Thracesq. filuo, olim

758 1181 2439 147 Mychthonia, Mygdonia, Strymonis, Cronia, Thessa

762 1275 2391 138 lis, Mariandina, uel Maryandiiuae Mariandyna o

762 1359 2431 156 Mariandyno Cimmerij filio, Maliande e Bebrycia : qua

762 1466 2413 156 uis apuo Hieronymum pro Delrycia Bibraia, apud Ho

762 1578 2377 147 norium Berica corrupte legatur. Incelas uocat

744 1667 2449 156 Htomerus Halizonas, eos ſcitiaet, qui ex Amphipoli Tsa

767 1796 2439 138 ciae uenerant : nam Mygdones erant a Bbyndaco, et

758 1881 2421 178 Dastylitide palude usq. ad Myrleanam regionem. Ex

762 1983 2119 179 Strabone, Plinio, Solino, Stephano, Eustathio

673 2055 2524 209 Bithynia Insula Bithyniae, Thynnias etiaum dicta. Ex Plinio

503 2171 2708 165 87 Bithyniae promontorium in Asia, est Caput potini. Ex Muns

503 2255 2699 152 88 Biturgia Æthruriae opp. Burgus Sancti Sepulchri dicitur

735 2345 1784 133 uel Malliana. Ex Roberto, Munstero

517 2452 2676 151 89 Bituriges Galliae populi Iosci alij, alij Cubi nuncupati

758 2541 2426 151 ſunt qui Ducatum Berri incolunt. Ex Strab. Marlia

512 2617 2699 187 90 Biuium Rhaetiae opp. Stalla dicitur. Ex Ægidio. Ex (n

517 2728 2711 152 91 Bizenia Germanine urbs, Melnica est in Boemi. Ex Ænea

521 2831 2685 165 92 Blanda Laetanorum urbs in Hispania Tarraconen

758 2920 1864 151 ſi, Blanes uocatur. Ex Mario Aretio

539 3000 2177 174 93 Hlanij in Hybernia populi, Ebdani ſunt. Ex Munste

521 3067 2690 205 94 Blascon, uel Blascoron Insula Galliae in Rhodani oſtio, Me

776 3165 2448 205 tina etiam dicitur. Ex plinio, Martiano Capella, MunSti

553 3276 2680 174 95 Boae peloponnesi urbs a Ptolemaeo, a Plinio Beae, a Stra

767 3379 1966 138 bone Boeus, ab Homero Boebe uocatun

570 3428 2672 196 96 Bocarus fluuius in Salamina Insula, postea Bocalias

767 3584 713 120 Ex Strabone

593 3580 2600 231 07 Boctori Lusitaniae populi, Concondienses appellantur. Ex

784 3776 371 89 Iobeuto

588 3722 2627 228 98 Bodobriga Germaniae opp. ad Rhenum, Poppardia est,

776 3843 1757 227 uel popparten. Ex Munstero, Lazio

593 3909 2653 255 99 Bodotria Britanniae fluuius, Budotria dicitur a Tacito

771 4048 1713 156 nunc Leuinus in Scotia. Ex Polydoro.

588 4110 2658 219 120 Boedurum Vindeliciue opp. patauia est, uulgoq. Pacsiaru

798 4226 2413 201 Sed Rhaeti uolum Benedurum olim ipsum Boeodu

802 4320 2435 200 rum fuisse uoc atum, nunc uerr esse Bendern uilla

825 4427 2252 227 nope Estionum montem. Ex Auentino, Lazio

2952 4516 174 151 Ba
