3698 5310
1000 477 2569 231 21 Ouogaris opp. in colchorum, persarum q. finibus, dici

1293 623 2285 164 ab Hunnis, qui Onogori uocabantur, ibi uictis a Got

1302 699 2280 190 chis : postea Saucuus Stephanus a tenplo eius nar

1293 783 1311 155 ris ibi condito. Ex Agathio

1031 854 2542 181 12 Onus Graeciae Insulas poſtea Heratia appellata. Ex Plio

1040 955 2533 182 43 Ophici Italiae populi dicti a ſerpentum copia, a polybio

1266 1053 2312 177 et Eudoxo Opici, Capuenses ſunt. Aristoteles anter

1279 1141 2281 173 Opicoshabitare dicit Italiae partem uersus Tyrrhi

1288 1261 2277 141 niam, qui antea, et postea Ausones dicti ſullieu

1284 1323 2298 177 eua causa Antiochus opicos, et Ausonas eosden

1306 1420 2276 186 fuisse ſcribit, ſed polybius eos dcuersos fuit, ear

1297 1553 2285 146 lamen regionem incolentes ciuca ſinum Crabra

1306 1632 1652 133 illis, Strabone, Seruio, Stephano.

1027 1663 2569 204 44e Ophir Insula in Oceano, meridionali dicia ab ophine

1293 1783 2276 159 uiro ex genere Heber : ab Iosepo, Tera aurea

1288 1836 2299 203 citur, unde Salomoni aurum ophirizum, quod o

1306 1933 2267 182 rizum uocant, afferebatur : nuc dcatur Zafala

1297 2013 2272 181 thi adhuc auri fodinae funt. Fullitur enim petru

1302 2097 2271 177 Martyr, qui hanc credidit esse Hispaniolam, qu

1000 2234 2547 204 45 Ophiusa Insula deserta in Balearico mari uoccta

1310 2199 2219 146 ilio loco est ulera Gades. Ex Iosepo, Munstero

1293 2340 2258 164 quòd ſerpentes gignat, Colubraria etiam, nun

1293 2433 2289 155 frumentaria XXX M. P. longitudine, altera ex pitp

1350 2526 2241 151 s: altera enim est Ebusus. Ex Strab. Pli. Bordon

1213 2575 1302 181 Oophiusa Insula Cycladum un

1271 2681 1253 151 loo Cythnus. Ex Stephanm

2493 2646 1094 186 S Dryopis uocata, postea

974 2756 2626 199 46 Ophiussa urbs in ponto, Tyras, uel Tyra a fluuio et

1279 2858 1528 181 dicta fuit. Ex Plinio, Stephano.

969 2947 2618 190 47 Opitergium Venetiae opp. Epiterpum a Strabone dicum

1018 3097 2555 226 48 opone emporium Æthiopiae in Barbarico ſinu, Magado

1346 3048 1120 160 derzum est. Ex Leandro

1319 3216 1453 164 eo esse creditur a Rhamnusio.

1005 3278 2568 208 19 Ora, Asiae Ciuitas in Carmania, Biſinagar, Beseneg

3414 3243 93 111 a

1284 3376 2285 208 dicitur metropolis Regnti Narsingae. Ex Munstero

1005 3451 2582 239 50 Orcades Inſulae triginta in oceano Britannico, quanui

1279 3553 882 168 apud plinium quad

1293 3663 921 160 tur suib Scotis. Str

2302 3615 1271 177 inta legantur, Orleneys dicct

1279 3765 2286 204 cat prope carthaginem urbem Hispania, quonian

2564 3734 1018 155 Dlcadas appellat, Sed ulb

1284 3858 2303 213 ignorasse ſaepe uidetur loca haec Europae, quorum

1279 3978 2086 190 nomina apud Saiptores legerat. Ex Iouio

1000 4048 2587 244 s51 Orcas et Taruiſium Britanniae promontorium, Dount

1023 4199 305 141 52 Ou

1279 4137 1506 190 bium est in gcotia. Ex eodem.

1178 4248 2400 216 rppis Bastitanoruni urbs in Hespania, origuela est E

1346 4336 310 128 uustero

1018 4402 2555 230 393 Orchoe Babyloniae ciuitas Abrahanmi patria iuxta pp
