3666 5350
1355 499 420 169 Septimus

2412 539 116 160 69

695 637 2449 129 rotas dicitur nomine ab eo flumine accepto, qui Lacedae¬

704 726 2444 147 mona praeterfluit. Nam Lacedaemonij agri cognomI

700 798 2421 147 na multa ſunt apud Tarentinos tam in agro, quam in

686 896 2453 156 ciuitate, quod Lacedaemoniorum coloni ſint, ut in octa

704 998 807 129 uo ait Pobybius.

423 1047 2739 183 12 Galaica Ciconum regio in Thracia, Herodoti tempore, ut

695 1154 1749 143 ipse testatur, Briantica appellata fuit.

450 1243 2645 174 13 Galatia, et Gallograecia phrygiae pars inter pontum

686 1346 2471 187 Cappadociam, et Bithyniam, occupata a Tectosagibus

753 1435 2382 210 Tolistobogis, et Troginis Gallis Leonorio Duce: o¬

709 1538 2470 196 lim regio Bucellariorum, et Gomeritarum appella

709 1640 2412 178 ta fuit, Gomero Iapheti filio. Nunc est Sub A¬

709 1738 2421 174 masia. Galatae ipsi uocantur a Polyhistore Gaza¬

700 1845 2412 156 tae, ab alijs Gazetae, quòd ζητ◌̄υν quaerere ſcilicet

695 1957 2449 160 ſoleant terram pro domibus conſtruendis : nam eorū

700 2059 2417 152 regò admodum Iata est. Apud hos aurum nasci te¬

677 2175 2458 134 ſtantur Euphorion. Ex Strabone Iosepo, Stephano,

691 2278 1837 156 Orosio, Varino, Itinirario ad Byzantium.

441 2362 2734 165 14 Gallia Europae regio duplex est cis, et trans Alpes Cisal

695 2478 2489 165 pina uocatur Togata : eius uero pars est Transpadana

691 2603 2399 152 et pars Cispadana, Transpadana ad alpes, ad A

704 2724 2395 151 penninum, et padum protensa, a Vuinilis longobar

691 2831 2413 129 dis occupata Lombardià dicitur. Cispadana uero

695 2946 2435 143 inter Padum, Rubiconem, et Apenninum, olim dice¬

704 3049 2386 134 bantur Gallia Boiorum, Gallia Æmilia, Aure Iia,

700 3169 2435 121 Bianora, Felsina, et Doria, nunc Romandiola  Ex no

704 3276 2511 156 mine illi a Carolo Magno imposito, quam flaminiam

704 3392 2444 147 et Æmiliam à nijs illac percurrentibus uocant. Fla¬

691 3522 2430 138 minia quidem ad Ariminum, inde uero Æmilia usq.

700 3624 2417 125 ad padum. Gallia autem Transalpina inter Rhe

704 3744 2395 125 num, Pyrenaeum, Oceanum, et mediterraneum, 420

686 3843 2409 151 M. p. longitudine, 560 M. latitudine, alio nonime

673 3954 2547 147 Galia Comata appellata à coma, quam imolae ale

709 4061 2453 129 bant, continet Bracatam, Celticam, Aquitaniam

704 4173 2475 142 et Belgicam. Galtia Bracata Narbonensis etiam

1141 4306 125 72 et

1922 4284 218 80 nunc

709 4257 2444 183 dicitur, ⟦nunc⟧, prouincia, ⟦uel⟧ prouenza, discreta ab

713 4364 2533 201 Italia Varo fluuio ; antiqum Gallia montibus Ge

2997 4485 223 138 ben
