3666 5350
508 557 2453 267 12 Dim crnta prounorum Cate est. Ex luin

517 731 2689 209 343 Dionysia Insula Ciliciae in quam Bachus transtulit Aria

753 842 2444 201 nam ex Naxo, Caretha uocabatur, et Donusia. Ex

767 913 731 165 plinio, Stephano

637 994 2507 214 Dioysoplis Thraiae urbis, Crunos dicta, cruniq. ab

767 1154 2417 152 aquarum Catarachbis, quae ex maritimis locis fluum

767 1230 2421 178 nunc Varna in finibus Bulgariae, et Thraciae, quo

771 1328 2422 192 loco Amurathes Turcarummi Iuperator Vladislans

784 1444 2444 196 Vngariae, Sarmatiaeq. Regem profligatum interemi

767 1538 1788 196 Ex Plinio, Stephano, Gambino, Iouio Ca⟩

566 1658 2578 178 45 Hioscorides Insula Arabiae Felici adiacens, Cocotora

753 1769 2409 161 nunc dici creditur a Barroso : ggo nero hanc fuisse

762 1876 2400 179 exiſtimo unam ex Cocconagi Insulis. A Stephano

767 1961 1003 161 Dioscuridi uocantur

553 2001 2622 268 46 Diphrossus culturae mons apuo Lycophronem, Dirphys dt

762 2171 1592 169 citur ab Guphoniont Ex Isaacio¬

539 2215 2681 223 47 Diuitense apud Vlius opp Duicium dicitur, uel Tuitim

762 2340 2400 223 Monazonion contra Coloniam Arippinam. Ex Ela

753 2456 696 156 reano, Lazio.

530 2501 2529 258 48 Diuodurum Mediomatrcum urbs in Galiia Bergica

958 2648 2230 209 eonuilla est, uel Metz. Ex Martiano, Munstero.

530 2706 2302 223 49 Doclea in Illyrico Antibaris est. Ex Munstero

535 2822 2609 196 50 Dorium locus positus in Aulone Messeniae in pe

749 2920 2399 209 loponneso, quo leco Thamyris Thrax Doriam

767 3040 2421 210 harmoniam innenissc dicitur : et yhunc locum. Ex De

762 3143 2431 214 chalia puoficiſuus petens Musica prinatus a Musis

758 3272 2283 196 Oluris, uel Olura dici ab aliquibus creditur. Ex

762 3392 1512 161 Homero, Strabone, Eustathio

553 3477 2595 223 51 Dorius Hispaniae fluuius, Durims a plinio, Duria a

762 3606 2408 183 Mela, et a Silio uocatus, a Sallustio in quarto Hi

771 3731 2337 210 ſtoriarum, et a Claudiano Turia, olim Crisini

771 3851 2310 165 et Turulis, Duero est, et a Mauris dicitur

762 3941 2337 191 Guadalauiar, uel Guaedaia Laycar : qui ortus in

767 4065 2386 206 pelendonibus Vectones ab Asturia Separat, Ga

771 4199 2449 219 letiam a Lusitaniae Sxril :, Hermolao, Beutero,

758 4329 423 133 Oliuario

561 4409 2685 142 52 Doroscola urbs iuxta Danbium, Dristra etiam dicta, po

762 4516 2462 178 stea ab Ioanne zimisca Graecorum Imperatome Thio

3059 4641 147 111 dou
