3681 5350
437 592 2579 188 50 Isaura Isauriae ciuitas in GGalatia, Claudij Caesaris

687 731 2021 138 colonia, Claudiopolis uocantur. Ex Ammiano

441 820 2659 169 51 Isaurus Piceni fluuius, qui nomen dedit Pisauro Ro

678 954 2449 129 manorum Coloniae, folia est. Ex Liuio, Volaterramno

441 1029 2642 161 32 Isca Dumnoniorum opp. in Britannia ad Ioacam fluuis

682 1127 2396 143 um, Exonia uocantur, et uulgo Excestre. Ex Munst

464 1208 2645 183 35 Ischalis Britanniae opp. Belgarunrm, Ilchestre est. Exeodem

477 1319 2400 170 34 Ischopolis Cappadociae urbs, ripoti dicitur. Ex eodem

499 1413 2588 178 55 Ismarus Ciconum urbs in Thracia, unde aiubrerc

687 1515 2458 170 cones in auxilium priami Mente Duce, Marathono

718 1627 2382 183 postea dicta, quam Vysses diripuit Isaacius tamen

722 1756 2387 169 Lycophronis intepres, et Varinus Camers pro Ma

718 1845 2400 174 rathone Maroneam suribunt. Hric fuisse dicitur

736 1970 2405 178 Ismaricum ainum, ut uocat Archilochus, Marones um et

722 2068 2361 196 am appellanum, quo Cyclops ebrius fauus ab Vlyssr

727 2197 2128 174 excaecaus fuit. Ex illis, Scholijs in Homerum

513 2296 2645 200 26 Ispalis, uel Hispalis colonia Romanorum cognomim

727 2403 2373 191 Romulensis, Turdetanorum metropoles in Bae

718 2532 2400 174 tica, nunc Siuigtia epporium noblissimum India

709 2630 2427 196 rum occidentalium. Ex loarae Boeno, Peno Mes

709 2795 709 147 Sia, Munstero

530 2835 2637 223 57 Ispinuni Carpitanorum urbs in Hispania Tarraconens

745 2978 1378 178 Spinarius est. Ex Munstero

553 3062 2503 192 38 Ioca Insula, et Cciuitas prope Dalmatiam, Lissa est

718 3183 2445 187 Antoninus duas faucit Issam, et Lissam. Ex Stph atun

709 3294 2427 183 Issa Lesrbi urbs ab Issa Macari filia, Iuera, et ppuo

727 3415 1829 196 lasgia olim etiam dicta. Ex Stephano

557 3513 2566 231 19 Iosus pisidiae opp. in Cilicia, Nicopolis appellatum ab

758 3637 2436 219 Alexandro, quod ibi Darecum uperauit : nunc Ian

754 3762 2329 196 a, uel Laiassa : a qua dicitur Issicus inus. Ex

754 3896 1441 192 Stephano, Oliuario, Munstero.

513 3967 2659 214 60 Isthmus Corinthianus, Hexinmilium postea dictum a muro

771 4101 2428 170 constructo inipso Isthno. p. M VI longitudinr a ma

776 4208 2378 183 ri Ionio ad gaeum totum claudens peloponme

789 4324 2405 187 um : quem murum Amurathes Turcarum Impero

785 4444 2445 206 tr Soto aequuit anno 1450: Vpeti autem inst

3109 4556 99 134 ra
