3816 5342
1242 565 1251 173 dicitur Brisch. Ex Munstero

948 627 2293 214 56 Viadus Germaniae fluuius, odera est. Ex Cromero

948 725 2672 200 57 Vcana Rhaetiae op. Vuissenhornium est int Sueuia, uel Vosa

1255 885 1171 138 sperg in Styria. Ex Lazio

966 872 2649 240 358 Vias Ipispaniae fluuius, ponsuedrus appellatur. Ex Gerundens

979 992 2658 214 59 Vicetia Venetiae opp. olm in paludibus, Vcetia à Strabo

1233 1099 2168 187 dictum, nunc Vicenza. Ex ipso, Ptolemaeo, Leandao.

979 1161 2623 219 60 Victesis Insula prope Britanniam, Vuygthe est, in qua dnce

1202 1286 1990 183 ſut oppeda, Calborte, et Neuport. Ex polydoro

979 1339 2649 219 61 Vicus aqurius Hispaniae opp. Viche, et Vicensis urbs in Cai

1242 1482 1474 133 launia est. Ex Volaterrano, Mmineo

988 1491 2632 249 67 V icus Italicus in pannonia, Zagabria uocatur. Ex Bonfino

1073 1598 2507 236 1 Vicus Martis in Gallia Tegata, Vilmercatus est. Ex Merubio

1037 1696 2605 231 14 Vicus Vorronis in Latio, Anienis est a fluuio Aniene dicus

1255 1851 316 161 Blondo

1041 1936 2596 214 65 Vicus Veneris Italiae opp. Vergeninum etiam dictum, nn

1269 2047 2377 165 Vigleuanum, instauratum a Viceconntibus, cuum illud Mediol

1264 2141 2200 187 nenses euertissent anno M c L VI. Ex corio, Merula

1059 2243 2155 174 66 Vedana Britanniae portus, Brestius est. Ex Iocuo

1050 2323 2605 209 67 Vienna Allobrogum metopolis in Gallia, adhu hoc nomim n

1255 2443 2382 161 cata, a Cretensibus cd Rhodanum condita oracul iussu, et

1255 2537 2382 178 Biennus ab ipsis ⟦uliccala Init ut aci Stephanus, qumuis apt

1260 2626 2404 191 ipsum pro Rhodano, et Gallia Rhoda, et Galilaea perpera

1255 2773 2124 111 leganttir. Ex qpso, Stralbone, Ptolemao, Catonaeo.

1019 2826 2650 183 18 Vimnatium Moesia urbs, Vuicziderna est in Sercnaj. Ex Luto

1073 2947 2364 151 9 Vincentia pannoniae opp. Vuenicza dicitur. Ex eodem

1015 3036 2662 142 70 Vindolicia Germaniae prouincia inter Rhaetiam, Noricum, ee

1237 3138 2405 138 Heluetios : Rhaetia etiam Secunda dicta, nunc Boioaria a

1242 3231 2413 143 Rois, qui Italia pulsi ea locaocuparunt, et ab Auaribus

1255 3338 2414 165 qui ex pannonia eo auessere Vulgo Bauigra auri, ar

1269 3432 2408 182 gni, ferri, chalybis, Salis q. fodinis dicies. Ex Plio, Oth

1326 3556 2164 156 Frisigense, Bonfinio, Beao Rhenano, Petro Apicam

966 3645 2689 156 7 Vinderius fuuius Hyberniae, Dodrarh nuncupatur. Ex Munſt.

1001 3743 2681 156 72V indius Hispaniae mons, Vidunush perperaim ab Hispanis sca

1269 3855 2400 160 toribus dicus, nunc Montes ſunt Asturiaz, et Biscaie Ex

1269 3944 387 133 Beutero

1024 3961 2680 241 732V indomague in Narbonensi Galia, urb est Santus Thulon⟨a⟩

1255 4144 579 142 Ex Munsſtoro

1019 4171 2307 178 74 Vinnones Rhaetiae popule : Engadini ſunt. Ex Lazio

1019 4269 2663 187 75 Vinundria pannoniae op. Vuyndischgraczium in Styria dicia

1260 4380 2435 151 tur, quod Vindominia appellatur ae Sceto, qui codicem pra

1273 4487 1888 178 fecturarum Nomanurune Supsic eqx Lastu
