3698 5413
1223 649 2325 221 gobardortuntizusrtum, a Foroliuienibus instar

1228 802 2334 181 tum, ab Ægidio Cxrdinale rursus deletum, Forlinme

1219 906 2004 176 poli est Ex Parilo Diacono, Vrolaterrano

1015 992 2556 198 51 Forum Sempronijs opp. in piceno uiae Flaminiae imnic

1223 1109 1874 167 nens, Fossumbrmium est. Ex Munstero

1015 1181 2556 199 52 Forum Tiberij Heluetioram opp. in Galia, Schuniea

1219 1285 2343 194 appellatur( Suntia a Volaterrano dicitur) uel Rg

1228 1407 2339 171 ſerstul, aut Zurzachium Glareano teste : qui tame

1241 1502 2335 198 alibi Zurzahium dicin fuibse Ganodittrum : quod uer

1241 1614 2344 208 uilerur nunc esse Æonistartia ſic a Constanto Eint

1241 1745 2348 190 stantini Magni pqure appillata. Ex ipso Glaneus

1241 1876 1526 158 Volaterrano, Munſtero, LEazio

1033 1935 2552 216 55Forum Truentinorum, uel Triennrum, ſiue Breca

1237 2084 2348 175 norum, est Bertenorium in Romqndiola, Petra

1241 2205 1707 158 etiam dicums Ex Blondo, Sabellico.

1065 2255 2524 234 314ossa clodia opp. a. Clodio Albanorum Dace condita

1232 2372 2348 199 ad Medoaci ostia in Venetia, Chioza est. Ex Poste,

1079 2499 2492 180 55 Fossae Marianae in Gallia Narbonensi. C. Marij

1250 2607 2335 162 pus c P. ab ostijs Rhodani deductae, Aquae mortus

1259 2738 1161 153 ſunt. Ex Volaterrano

1079 2787 2506 221 36 Fossae papirianao in Æthraria, Eouponouum uoccuar

1250 2968 479 94 Ex eodeo.

1052 3004 2537 185 57 Framula Liguiae opp. in Italia, Ferramula appellats

1241 3130 903 176 Ex Iuptiniario

1070 3229 2501 190 38 Fregellae Campaniae opp. Colonia Romanorum

1259 3347 2317 180 Plaucio proculo, etppp. Cornelio Capula Coss. de

1259 3450 2317 212 ducta, postea ab ipsis Ronmanis euersum, et Ex a

1259 3608 2285 176 nis pons coruus, erectus. Ex Liuio, Voiaterrano

1088 3689 2501 185 59 Fregenae in Æthruria, Brachianunne fortasse esse dicitur at

1277 3802 2317 185 laterrani qurd quidem oppidum Aupius cndic Barcer

1282 3915 2298 162 Barceannum, Arcennum, Brizianumq. apppllatua

1277 4005 1784 190 fuisse a Brigijs Hispanis conlioribus

1101 4113 2475 185 60Feentani, prettani a Strabone dicti populi inter He⟩

1246 4231 2348 162 torem, et Sarum : fuere ubi nunc est Castram no

1286 4303 2308 216 ſeu Franca uilla in Aprutio, q uod fortasse fuit e

1300 4420 2027 217 tanon oppidum. Ex Colleautio, Sabellico
