3681 5350
588 561 2495 263 ui cu apro pouia Iopur leucphyris, u leuco

754 722 2373 187 phrya, Calydna etiam, phoenice, Lyrnessos, et Stene

754 820 2360 165 quòd in 5cVό́σ hoc est angustijs Helles ponti ſit Ex

749 940 2030 143 Strabone, Stephano, Isaaco, Eustathio, Varinro.

486 989 2565 201 48 Tenteri Germaniae populi in ea Sueniae pante fuene,

767 1083 1981 147 quae dicitur Marchia Badensis Ex Rhellicano

553 1150 2610 196 19 Tenus Cycladum una uocata a Tene incola, ab Aristo

754 1248 2422 165 tele Hydrussa propter aquarum abundantiam : ophiuſ

767 1341 2369 197 ſa etiam, Tina est XL M. p. ambita. Ex Plinio, Ste

776 1484 727 152 phano, Bondono.

530 1520 2575 209 50 Tepasium Athruriae opp. Altopassus est. Ex Nicolao Tigrino

522 1600 2659 236 51 Tergeste, et Tergestum Istriae opp. Romanorum colonia XXsII

798 1689 2392 228 t. p. ab Aquileta distans, ab alijs Tegestra, ab Apollodoro

780 1796 2410 219 Tergestrum dictum, nunc Triesti Ex Plinio, Stephano, dnuos

794 1930 607 147 ſtero, t andro.

566 1925 2530 277 32Teria phrygia fluius postea Gallus dicus a Gallo Cybeles

785 2064 2396 223 puero, qui propè eum habitanit. Qui circa hunc fluium

771 2171 1928 223 ſunt appellantur potamogalleni. Ex Stephano

593 2273 2516 214 35 Terina Italiae opp. in Magna Graecia a Crotoniatis, ut

807 2376 2392 192 phlegon ſcribit, conditum, ab Annibale deletum, Terra

794 2465 2382 187 noua dicitur. Alij dicumo Terinam Insulam osse, in

794 2550 2373 214 qua quieuerit Ligeia Siren. Ex Strabone, Stephano

803 2701 1195 147 Declaratione urbium Italiae

602 2715 2597 227 54 Teriolis Rhaetiae opp., Tirola est, quod Tiroli comitatu

838 2880 1071 156 nomen dedit. Ex Lazio

611 2893 2605 227 55 Terua persidis urbs, Tauris est persarum regia, lis a

843 3027 1892 183 Turcis capta, bis a persis recepta. Ex Iouio

624 3080 2637 219 58T euderium Germaniae urbs, padeburda est, uulgo q. Badbor

816 3254 589 143 Ex Munstero

624 3281 2606 200 57 Teurnia opp. in Norico, Teurina a Plinio dicitur, a Stepha

820 3388 2437 187 no Tauroeis, ut credidit Lazius, nunc Taurachſta

838 3468 2414 210 dium. Sed cum Tauroees apud Stephanum ſit in Gal

838 3588 2419 188 lia Massiliensium colonic, quo incolae naui tauri inſs

852 3682 2382 223 gne habente accessere, ſicut etiam Apollodorus in pri¬

843 3789 2423 210 mo de Geographia Sccibn : crediderim Tauroem esse

838 3905 2441 210 oppidum, quod a Ptolemaeo uocatur Tauroentium com

870 4012 2271 218 Commonorum intharbonensi Gallia prope iesan

870 4110 2382 210 Massiliam, et nunc dicitur Tollon. Ex ipsis, Munste

829 4280 447 120 no, Iouio

687 4271 2565 227 13 Teutoburgium pannoniae urbs, ab Antonino Anamanti

874 4351 2369 218 ab alijs peuces dicta, nunc quinquae ecalesiae ad Dran

3056 4543 178 124 ghra

892 4444 2351 264 panubijq conbltecer Sed Drcostdems intertio ce
