3698 5413
1033 627 2538 221 231canua India opp. a Senicanide conditum non longi a Mancui

1318 780 2249 140 Arachoſia etiam uocatum fuit, quod Prouinciae nomen dec

1304 879 894 117 Ex Plinio, Stephano.

1061 915 2546 203 28 Copoa Marmaicae Ciuitaem ſunt quicaedun fonasi esti cp

1309 1042 2289 162 ar mare Erythraeum, quel mihi qpuidem non uidetur, quer

1327 1123 1034 131 Coptos mediterranea est

1399 1181 2190 167 sphi Scythiae popubi itra pmaum fuere ubi est Cytrad

1065 1168 343 185 26Car

1282 1290 2298 139 emprium Armeniorum, Medorum, et persa rum. Ex Mar

1083 1371 2497 171 257 Corcoras Liburniae fluuius, Gurlius nunc dicitur a Lag

1322 1475 2258 126 Sabellico tcibiana Sed Volaterranus Lubianam fuisse

1322 1569 2281 158 Labatum, et Nauportum, ſic ab Argonautis, Plinio terstea

1318 1673 2285 176 catum. Blondus uero, et petrus coppus credunt Labatur

1318 1786 1251 131 Nauportum nunc esse quietum

1074 1835 2520 181 258 Corcura nigra cognomines a Dalmatiae Insula, Curgola

1332 1993 1616 118 XXX P. M. longitudine. Ex Sabellico.

1079 2043 2506 158 239 Corduba Hispaniae urbs Senecae, Lucaniq. Patria, prinma

1309 2151 2289 145 nia Romanorum ad illos locos missa, Patritia cognon

1313 2228 2014 158 Cordoba est. Ex Strabone, Plinio, Munſtero.

1088 2323 2515 198 20 Coriminium Britanniae oppidum, Salopia dicitur, uulg

1304 2444 926 149 nisburg. Ex Pobydoro

1088 2508 2506 198 ui Coriniu in Britannia Dobunorum urbs, Claudiana c

1327 2638 1833 167 ſunt, appellatur q. Cloucestre. Ex Munstero.

1101 2711 2515 202 252 Corinthus Achaiae opp. non ſolum Graeciae, ut ait Thurg

1304 2823 2321 167 ſed etiam Italiae, et Asiae emporium, a Sisypho conditum

1309 2941 2316 171 ſtauratum a Corintho Orestis, uel Iouis filio, aut ab

1322 3053 2308 185 te Hipponis ſexto ab Hercule uocabatur etiam Aaura⟩

1313 3162 2317 171 rinhus, Esope, Epope, Heliopolis, hoc est Solis urbs, quonia

1313 3261 2317 194 arida esset et Cphyra ab Ephyro filio Myrmecis, uel ab Ep

1322 3356 2308 212 plia Oceani uxore Epimothei : Pagus eticum. Sed Aaroceria

1322 3468 2299 230 et Epope proprie est mons, cui adiacet Corinthus : ex a

1341 3568 2275 248 nonte Sisyphus uidit Æginam ab Ioue rapi Vrbs is

1309 3676 2321 243 ueleta fuit a L. Mumnio, et paers maior agri data

1318 3798 2303 243 cyonijs : postea instautrata fuit a Caesane. Ab ea uro

1327 3892 2298 262 tur Sinus Corinthiacuis ab Eueno usq. ad Aragxum

1318 4010 2316 275 cuitu stadiorum Zt0, qui nunc Gulphus patrae uoct

1304 4145 2326 271 et Coroni. Ex Strabon, Pinio, Stephano, Eustathio, Sabo

1074 4249 953 216 u8 arius . Suduno

2013 4361 176 122 ori

2365 4352 1251 249 n Darilui, uria, a Pelaigis unc

1322 4434 2299 221 a Tyrrhenis occupatum, cornetum esse dicitur a Buea

1327 4501 2289 257 Sid Annius diali Cornetum fuisse Nuetum oppidum ab
