3689 5270
1660 439 254 167 biber

645 562 2727 246 17 Amphiclea, uel Amphicaea phociis urbs, ophitea dicta a dracon

1005 658 2363 202 quem puerum defendentem a lupo, pueri pater interfecitu

1027 781 1155 167 ntephauo pausania, Stephano

680 838 2653 259 172 Amphimalus ſinums Sanctus Nicolaus est, uel Captut Sudae. Ex

966 1005 803 171 Robero, Sophiano.

711 1040 2657 264 73 Amphepulis Macedoniae urbs, Seymonne dnabus è partibus ci

996 1168 2337 206 cta, indeq. uocata, Nouemuiae etiam Myrice, Eion, Cra

1014 1282 2358 189 na, chrysopolis, Ara, Areos, Areopolis, et Anadramus, n

1027 1396 2345 193 Seres. Ex Thucydide, Stephano, Vnino, Sophiano, Iouio

895 1510 2411 193 Amphipolis in Syria ad Euphratem, olim Thapoacus, et

992 1598 2323 211 ſacum, a Cyris dicitur Turmeda. Ex Plinio, Stephano

693 1699 2675 242 174 Ampsalis Sarmatiae Ciuitas in Asia, Albnsequia est. Ex Mi

737 1791 2627 281 195 Anmydon urbs Paenmia, Abydon postea uocata, et catescaph

1005 1976 597 175 Ex Eustathio

733 2015 2626 255 76 Amyraei Thessaliae popule Molossis finitimi, ab urb Amyr

1040 2134 2315 241 uel Amyrice, quam incoluerunt, dicti, Eordi etiam, poste

1040 2252 2341 224 leges, inde Centauri, et Hippocentauri, ut testatur Suro

1005 2358 2372 215 in Genealogijs Leleges ipsi adducti fuere in Thessaliama

1014 2472 2385 233 Deucalione ex Æolia, ubi a Cnemde Locri Epicnemidis

1010 2586 2411 207 cabantur, Aones, et physceae a physco Ætoli filio, ut Rh

1023 2731 2367 189 nus ait. Sed re uera Centauri, et Hippocentaur fuer

1014 2858 2407 176 feri homines, essgca uocati ab antiquis, praedones, et qua

1018 2959 2350 176 uim infenbant mulieribus : nam Kco eaupoi a pniscis a

1014 3056 2407 185 cbantur muliebria pudenda propten quam nim in muliecau

1014 3162 2398 197 inundatiamm tempoubur Noae factam indicat Moses. Ex

1001 3293 1932 189 plinio, Stephano, Vanrino, Augustino Eugubino

680 3407 2697 145 177 Anactoreca Acarnaniae opp. Corinthiorum Colonia, Anacto

970 3504 2446 176 aSophocle dictum, nunc Vonizza. Ex Thusydide, Steph Sopho

715 3631 2670 172 478 Anaphe Sporadum una, dicta quodd ab Argonautis proce

1010 3763 2415 136 oppreſsis nocte uisa fuerit, prius Bliaros, et Memblia

1014 3860 2367 158 a Membliaro phoenice, qui cum Cadmo ad quaerenda

1005 3965 2394 193 Europam uenit, postea Baee, et Hippuris, nunc Nami

1010 4110 2415 149 phius, ubi nulli Serpentes ſunt, immo Insulae tellure He

996 4211 2332 149 cta pereunt. Ex Plinio, Stephano, Varino, Sophiano.

768 4290 2609 149 79 Anas Hispaniae fluuius Baeticam n Lusitania dirimen

1018 4378 2407 198 Guadiana uocatur, quoniam Gua Arabicè aqua dicitur. Ex

1023 4505 1221 145 plinio, Mario Aretio, Oliuam

3210 4545 215 255 ſus
