3681 5350
602 610 2387 156 nis filio Duce, hanc q. urbem incoluerunt : quae nunc

606 740 2423 129 dicitur Messina : Ciues Mamertini : quoniam Mamer

606 842 2423 125 tini Campani in ea habicantes Messenijs praeualur

606 931 2374 156 re : quos Mamertinos Syracusani Hierono Duce op

611 1038 2382 165 pressere : deinde Appius Claudius Consel, unde primum

620 1154 2373 147 bellum punicum exortum fuit. Ex illis, Strabono,

620 1252 1535 174 Plinio, Ploro, Stephano, Munstero.

383 1337 2610 187 95 Mesembria Ciuitas Moesiae, Melsembria a Melso dicta

606 1444 2401 138 antea Menebria tanquam Menae urbs : nam a Men

629 1533 2369 165 condita fuit : et Bria lingua Thracum urbs Sigm

629 1640 2347 170 ficut : nunc Mesember, Megarensium Colonia. Ex Stra

633 1752 1205 147 bone, Stephano, Oliuario.

419 1810 2557 191 96 Mesene, Messene, Messenia, et Messe urbs, et rgio in

642 1903 2351 192 prlopomeso palis Laconiae 800 Stadiorum lorgitudi

642 1997 2311 196 ne : urbs nunc dicitur Misetra, uel Messetia, uel pe

638 2108 2360 170 talidia. Ex Strabone, Stphano, Eustathio, oliumto, Mun

633 2247 549 147 ſtero, Iouaio

566 2287 2436 205 Mesene Asiae prouincia inter Tigrim, et Euphratem

642 2398 2405 201 Semnaar, pada, et Adiabene olico dicta, Mesopi

646 2510 2383 182 tamia etiam : nunc ab aliquibus Halapia, ab alij

655 2617 2352 165 Diarbecha, et Dierbech, ab alijs Azania, et Azenia

664 2728 2312 161 Strabo autem Adiabenem a Meſopotamia Sepa

660 2831 2365 165 rat : Suibitq. quòd Adiabeni Saccopodes etiam uo

651 2951 2307 147 cantur. Ex Hieronymno, Stephano, Iosipe Barbaro,

651 3058 1196 156 Munstero , Iouio, Castalo

414 3107 2499 205 97 Mesouium Germaniae opp. Maydburg est. Ex Munst

397 3210 2601 191 98 Messelis urbs in ſinu Gangetico, Curua nunc dici

651 3330 1968 156 tur, uel Coromandel. Ex Andrea Corsab

423 3406 2677 191 99 Messeniacus ſinus uocatus a Messene urbe peloponni

660 3508 2351 205 ſi, Asinaeus quoq. dicitur ab Asine urbe prima

669 3620 1950 187 ad occaſum ipsius ſinus. Ex Strabono

446 3722 2556 187 100 Meta Italiae opp. in Veneta, Mota est. Ex Sabellico

450 3829 2628 192 104 Metacompso urbs in Ægypco ad Nili ripam, Tacompsoan

669 3932 2418 205 dictur a plimo, ab alijs Thathice, ab Aristagora in

687 4048 2427 205 primo Ægyptiacorum Tacompsus : Dicita. esse pagum

687 4146 2445 200 in montibus Ægyptiorum, et Æthiopum ulura philiam

700 4293 1035 165 Insulam. Ex Stephano.

477 4346 2552 246 102 Metallinensis coloma in Lusitania, Medellin est. Ex

691 4529 415 174 onuphrio

2877 4520 94 165 x
