3840 5310
1217 566 2339 217 graphiae peucem Insulam iangularem ſuibit ese in Da

1195 685 2352 177 bio aequalem Rhodo, ſic uocatam quod plures piceas ubns

1213 778 2316 164 beat : alio nomine Trighochim appellatam, uitus angulus

1213 876 2321 172 fluenta fluminis uersus Ancona dicitur, ultimus uersus ma

1213 964 2321 164 Eurus. Si q. propemare hanc Peucem collocat Eratesthem

1213 1048 2339 160 mide Lazio crediderim Teutoburgium esse Drasad pagui

1204 1132 2330 173 in pannonia colonium Germanorum Sicambrorum, hot dſi

1217 1221 2352 186 Teutonum : Anamantiam autem esse Mohaczium oppdumo

1231 1309 2334 191 famatum clade notissima Vugaorum a Turcis receptua

925 1508 2658 177 59 Teutones Germaniae poputi fuere, ubi nunc est prouinia Mu

1209 1411 2329 159 anno 1328. Ex Latio ipso, arino, Volacerrano, Munſtro⟩

947 1650 2644 208 30 Thalamia urbs Thesyaliae, Thamiesa etimp dicitur. Ex Stpharao

1213 1632 1107 124 chia uocata. Ex Rhellicamo.

952 1765 2644 195 61 Thalassia in Ægaeo Insula, Thassus olim dicta a Thassenm

1226 1849 2370 182 liere Heraclida, Aeria quoq. uel Æthra :ubi olijt Telep

961 2039 2480 195 6E Thalca Iudaae urbis, uicus est Thella dictus. Ex Brocando

1231 1969 1856 159 mater Europae. Ex Plinio, Eusebio, Stephano.

956 2181 2250 159 68 Thapsus Aphricae urbs, Sfaxialuocatur. Ex Iouio

969 2270 2636 181 E4 Theaenae Aphricae urbs in, Syrti paruas, Thera dicitur as

1209 2398 217 110 bone

983 2416 2577 221 65 Thebae urbs Boeotiae a Therbe promethri, uel Asopi fila

1204 2575 2051 150 nunc Thyana uocatur. Ex Stphno, Vanino, Lazio

992 2650 2604 177 6e Thebais Ægypci praefecmra inſignis, Caida est. Ex Bnroſ

1009 2747 2596 177 67 Thebe Ægyeti olim mepopolis, et regi maxima ab Osinee

1204 2854 2418 155 12 Iside conditn, quadringentorum ſtadiorum cirauitu, hctnr

1217 2955 2401 164 pagos tiginta milia, et triginta, ciuium myrindas Septrr

1226 3017 2401 195 gentus, porbs centum, unde Hecatompybos ab Homero cgno

1226 3132 2370 182 natur :a Siospolis etiam coniunctim dicta ſuit, et Dios pous

1235 3216 2405 160 uiſeim : qu cumi euertere persae, ut ait Caio. Ex Strabonro, Thia⟩

965 3371 2675 222 68 Thelibencana Babyloniae urbs iuxta Euphratem, Maraga hobi⟨⟩

1248 3323 1560 172 doreto, Cassiodoro, Stephaio, Eestathio

1231 3504 2414 164 uocantur. quoloco Saraceni pPersas inuasere primum. Ex Hy

1226 3646 669 137 tono, Munstero.

987 3681 2671 221 69 Themiscyra, et Themisyrea in ponto Galacico Cappadocie ubo cri

1217 3827 2423 173 tra Thermodontem, cb Amaezonum Regina uocata, nunc Furid

1235 3920 2418 186 Strabo Themisyram Amazonum domiciltum planiciem fuisse s

1248 4009 2366 177 bit sexaginstudis ab Amiso distantem ponti urbe, partinm

1248 4101 2392 155 mare dilutam, partim montancum uude fluut Thermodon, et

1288 4203 1329 151 ris. Ex ieso, Stephano, Munstero

983 4274 2688 173 70 Theodatia pannoniae urbs Thabta est uel TariaeEx Copini

1275 4367 359 119 no, Iouio

1018 4420 2644 168 7 Theddosia urbs in Taurica cherrhoneso campis feracissimis

1248 4548 2428 151 praestans, et portu contum nauium capaci , Casſa est Gen
