3840 5310
1328 455 2370 270 quicintis a Coliturs,u it Satini cmnigeae

1373 628 2063 159 fuirites propterea appellati : uel a templo quirin

3485 685 217 133 Agon

1377 716 2276 186 e Agonalis ab Agonijs ſacrificijs : nunc Mons cabalt

1359 818 2321 164 duabus Alexandri Matedons Bucephalum domantis ſo

1373 902 2311 160 ſtatuis marmoribas, phidiae altera, altarm praxitelis n

1373 991 1820 132 nu factis. Hic Numa prius hcebitauit

1368 1062 2356 141 Viminalis ab Iouis Vinrinijs, uel Vimini aris : uel a Vin⟨a⟩

1368 1159 1067 115 netis, quae ibi fuerunt

1373 1194 2320 173 Esquiliae ab exubijs Regis, in plaribus collibus dicist⟩

1381 1323 2286 123 plurati propterea nouine uocatus, in Cispio nempi,

1386 1385 2312 146 pio, Septinio, et Esquilino : nunc a templis in ee poſite

1390 1477 2294 133 dicitur Mons Sancti petri ad Vincula, et Mons Sarn

1390 1548 2303 129 Mariae maioris. Inhoc dcuersi locis habitarunt Sercu

1399 1659 1688 119 Tullis, et L parquimus Superbus

1404 1690 2285 150 Auentinus, ut Naeuius ait, lab autibus, quae huc

1417 1774 2285 133 Tiberi ferrent : ſiue ab Auentino Albano Rege

1373 1854 2303 146 mortuo, et ſepulto : Sius ab aduentu hominum ad Diar

1381 1951 2299 133 commune Latinorum tem plum, a quo etiam collisE

1377 2035 2312 128 nae a Martiali qocatur : ſiue ab aduectu, quòd pul

1373 2115 2303 115 bus a reliquis disclusus, eo ex urbe deueherentur e

1373 2194 2285 124 bus : sius ab Auente Sabinorum fluuio, Murcius

1355 2270 2303 146 et apud festum legendum est ) a Murciae Deae Sacella

1373 2349 2311 164 Remo conſecratus a Ronmulo, in quem ptebs a patrib

1399 2455 297 111 ecessit

1364 2438 2312 190 Vaticanus a Vaticano Vaticiniorum Deo, uel primaer

1377 2526 2299 195 humanae praeside : uel quod eo potitus ſit populus Ron

1368 2628 2312 159 nus uatum responso expulsis Æthrusus : ubi fuil ileE

1364 2725 2316 160 bor uetustior urbe, nuuc uero est petri Apostoli Bas

1368 2809 2250 142 acgustiſsima, palatium, ſedes q. pontiſicis Romani.

1355 2898 2329 177 Collds hortorum ab hortis Sallustianis : in quo fuit r

1359 2986 2330 160 tile monumentum Domitiorum. pincius a pincijs fani

1368 3075 1772 164 nobili constantini Magni temporibus.

1373 3150 2320 173 Haec de Roma ſumpsimus ex Polybio, Varrone, Virgo

1359 3256 2317 160 propertio, ouidio, Dionysio, Liuio, Strabone, Martiab⟩

1355 3336 2312 177 Plimo, Cornelio Tacito, plutarcho, Suetonio, Solino

1346 3420 2338 186 uio, A Gellio, Mqcobio, p. Victore, Sex. Rusto, Zosi⟨a⟩

1350 3522 2330 181 Arnobio, Spartiano, Vopisco, Ammiano Mara, Hline

1346 3615 2334 177 Eusebio, procopio, Sidonio Apollinari, Anastasci Bi

1364 3725 2325 164 liothecurio, Blondo, alijs, ex Onuphrio max ime panu

1359 3805 2312 164 niiò uiro doctissimo, qui diligentisime conſcriptos ba⟩

1368 3894 2316 199 los de uabe Ronna, Rumano q. priperio paulo aob

1373 4022 465 141 publicauit

1085 4048 2586 195 42 Ronatinum portus in Foo lulio, Lema est. Ex Io. Cando

1093 4177 2574 124 45 Romidaua Dacia opp. Repicga est in Transyluania. Ex Lae

1102 4274 2458 142 44 Nopicum urbs Corsicae, Rogella uocatur. Ex Munsſtero

1120 4354 2525 146 1 Rosetum Athruiae opp.: uidduur esse Grossetum in ageo

1337 4438 2325 177 mensii cec hoc fuil Volcoe. Ex Anuio, Declaratione eba⟨⟩
