3666 5350
1494 610 383 183 primus

2542 592 187 148 20

526 766 2667 152 248 Arabo Germaniae fluuius, Raba est in Austria. Ex Cuspiniano

535 873 2381 152 249 Arachthus Achaiae opp. Aracinthus est. Ex Munstero

526 994 2457 120 250 Araden urbs Cretae, Anopolis quoq. dicta. Ex Sephano

544 1052 2720 147 251 Arados Syriae urbs, para dicitur a Plinio, et est petra ambitu ſepi

825 1163 2452 112 tem ſtadiorum, Antiochia etiam uocata, nunc Tortosia. Alis

829 1230 2417 147 Tortosam fuisse Antaradum credunt, Orthosiam etia

521 1391 2569 142 252 Araducta Lusitaniae opp. Argua dicitur. Ex Manutio

825 1319 2403 134 dictam. Ex Strabono, Ptolemaeo, Stephano, Iustiniano, Rob

561 1498 2667 142 253 Arae Flauiae Germaniae Eiuitas, Nordlinga est, uel Blaubu

579 1636 2025 129 254 Arae Mutiae est Aremuza in Latio. Ex Annio

816 1591 1070 94 rum. Ex Irenico, Lazio

611 1689 2640 170 255 Araethyrea Peloponnesi Ciuitas inter Siconem, Agos, cleo

829 1778 2391 161 nas, et Styniphalos ab Araethyrea Aoris ſorore Aran

825 1876 2381 130 tis filia, unde et urbs Arantia dicta : Ex cuius ruinis

793 1948 2427 174 phliuis Bacchi filius Phliunta condidit 30 Stadijs Ionr

802 2050 2422 170 ge ab Araethyrea, postea phliasia dicta, ſicut et r

838 2153 2417 196 gio ipsa, quae ad montem Caelossam est. Ex Strabo

807 2313 1199 125 ne, Stephano, Eustathio

611 2322 2653 228 256 Aranatium opp. Batauorum, ubi legio decima Alauda Lan¬

816 2469 2261 188 cata fuit, Arnen est in Hollandia. Ex Lazio

619 2590 2650 174 257 Araris Galliae fluuius in Rhodanum fluens, Sacicon

798 2683 2457 152 na a Gallis teste Ammiano appellatur, nunc Sago

816 2777 1953 152 na, et Sona. Ex eo, orontio, Castaldo

593 2880 2631 178 258 Aratilus Hispaniae urbs, Ieri est, ut aliqui credunt. Ex

842 2987 397 147 Beutero

597 3040 2631 210 259 Araurius Narbonensis Galliae fluuius ex Cemeno no

833 3183 2440 160 te ortus, Rhauraris a Strabome dictus, nunc Petru

838 3276 2217 179 ſus, quod lapidibus nimis repletus ſit. Ex Roberto

624 3379 2604 165 260 Arausion opp. in Gallia Narbonensi Secundanorum

802 3486 1891 178 Colonia, Aurange dicitur. Ex Oliuario

628 3584 2605 169 261 Araxes fluiius in Cappadocia, qui oritur ad Castellu

838 3691 2413 165 phamiroeam, et praeter radices Ama gonij montis Ia

816 3802 2421 161 bitur, Thermodoon postea uocatus fuit, nut Suibit

798 3892 2430 191 Metroeorus in primo de rebus Tigranis. Ex Pli. Ste

561 4012 2681 183 262  Araxis fluuius Thessaliae, qui ossam abrumpit ab

851 4132 2346 179 lympo, unde ab anegjiſa nomen habuit : Peneus

798 4244 2127 174 alio nomine uocatus. Ex Strabone, Stephano.

544 4324 2689 210 263 Araxus promontorium in Peloponneso Eleae ab Isthmeo

833 4440 2302 196 ſtadijs mille distans, ut ait Strabo, Clarentia est

820 4592 682 169 Ex Bordono

3063 4658 201 125 ara
