3966 5288
1352 502 2376 181 Æsepo incipiens, Sed a priapo, et Artaca, Damaste

1366 638 2348 133 uero, magis etiam contrahie a Pario initium faciens

1383 727 2323 123 ſt charon Lampsacenus cec adhut studtos adimit

1440 793 2261 154 practio incipiens, et progreditur usq. ad Adramyt

1361 894 2331 150 tium. Scylax autem Caryandecis ab Abydo incipis

1379 982 2296 146 hed certè ria ipsa prouincia func inter Idam

1370 1092 2344 124 montem, et mare, Idaea prius dicta, a Dardano Da

1366 1176 2353 132 dania, a Teucro cretense teuaris, Zanthe, Be

1366 1251 2322 141 brycia a Bebycibus, qui eam incolggorunt ; qaden

1370 1344 1943 149 et Minor peygia. Ex Strabone, Sophoclio

3423 1357 278 128 itrrpete

1366 1440 1207 146 Staphano, Isaairo, Etustathio

1255 1511 2041 159 Troia urbs in pronincia Toia ex ipsus preuinu

3419 1515 287 97 omine

3401 1568 318 141 Dardan

1379 1599 1939 163 pellata, Vrbibus duabus in ipsam unao redacter

1374 1678 2358 159 2 Ilio : Dardania quidem a Dardano in Ida condita, n Ilò in plo

1366 1775 2357 150 nitie prope mare. Atiolopho quoq. nncuputa, Dedania a Dedars

3415 1855 304 132 tiae arx i

1379 1868 1934 163 Curete, et a Trianis ipsis Acte. Cuius quidem

3441 1952 282 101 quo oi

1374 1938 1939 199 Peogunum, uel, ut est apud Homerum, Pergannus in

3450 2031 264 101 apellao

1383 2040 1935 167 et urbs ipsa quando q. nuncupatm, quoniam Iones u

3423 2106 296 132 quod finr

1396 2132 1992 177 pergamum ialij uero omnes pergama diuint araes

3432 2194 287 145 omem Re

1388 2234 2005 163 polerent in altis lous. propter has duas urbes, et dict

1396 2304 2318 194 Incum inter Assaracum, et Ilum Humerus Dardanos appellane

1388 2401 2322 181 detureos, qui Idum incolebane circa Dadaniam : Toas auterm

1414 2489 2296 163 Goianos qui loca campestria tenbn circ Iliun. Loia ips

1427 2564 2301 203 antiqu ecersa penitus fuit à Graecis : postea instaur ata ab

1392 2661 2344 203 nea trigeita Stadijs feri infra antiqum toiam Ethanc Be

3428 2740 304 137 ſtaturai

1401 2776 2018 163 dan urbem euertit Fimhria Romanus, quam denuo

1388 2868 2348 185 Caesar Dictator Locus cutem antiquae Tioiae etiam tempo

1410 2956 2331 190 bus Eustathij Ilieorum pagus appellabatur, cun tanen Al

1418 3049 2323 203 xander Macedo locum ipsum uurbem, et non pagum appellari

1405 3163 2340 177 luisset. Sed Troicni, et in eorum gratiam Htellomicus i

1405 3230 2305 163 ucum Toiam esse uboi fuerat antiqua falso⟧ dicint. Ex

1423 3304 2318 194 Strabonr, Suolijs in Homerum, Stephano, Eupathri, Vrrinmo

3472 3379 176 111 nmo

1388 3423 1886 137 troia pagus Aticae, Zypete postea dictus. Ex

1357 3481 2388 154 Goia in CGermania codita a Piamncone Goianerum Dute, u

1405 3600 2010 145 ut olij dicunt, ub Vysse, posten Munthis nuncup

3446 3551 304 146 n. Ex eth

1414 3692 516 119 ne Frisigens

1388 3675 2366 202 uoia in Italia, Ardea ab alijs dicitur Ex nomine mnius x fle

1427 3789 1194 163 hysses, et Circos. Ex Stuphano

1418 3820 2345 198 Troia in Liguria a Tioilo, ut quidam credunt, condita, Alba¬

1454 3935 2313 176 pompeia cdocata, et nunc Alba, quoniam primo dilucurlocu

1445 4027 2313 176 capta fuerit a Priderico Ænobarbo, quod quidem tempus a

1440 4124 2332 141 bum Itali appella uuse. Ex Meruln, Declaratione. VTrbium Itabi

1132 4195 2640 172 142  ropaea Augusi in Liguia, est Torbia, uol orbia patria Ætij Peo

1454 4318 251 97 nacis

1815 4318 1084 119 aesanis. Ex Blundo, Munstaro

1163 4331 564 194 113 Truentum

1789 4371 1983 159 filuuius in piceno, Truentinus a Ptolemaeo dicus, ut

3534 4485 220 111 on
