3681 5350
334 601 2128 192 156 Sinda uicus in porto, a Plinio Sindaca dicitur

339 722 2686 142 157 Singidonum ager in pannorcia, Segedunum est. Ex Cuspiano

348 815 2605 156 138 Singidunum pannoniae opp. apud procopium, Iornandem, et

651 931 2351 121 Aurelium Victorem, ab Othone friſigensi dicitur Sei

700 1007 1526 152 gedum, nunc Segetnicia. Ex Lazio

392 1096 2093 143 159 Sinneus Hyberniae fluuius, Neus est. Ex Iouio

379 1159 2570 196 110 Sinuessa urbs in extremo Latio Campaniam uersus in

664 1243 2356 192 Setano Sinu, a quo nomen uendicat, in ſaltu Vesti

673 1359 2343 192 no Salernum contiagente agrum,: Romanorum cobnia

669 1453 2360 178 a Graecis Synope dicta. cui proximae ſunt Sinueſsa

673 1551 2378 169 nae aquae calidae ſterilitatem foeminarum, et uirorunm

664 1649 2334 192 inſaniam abolentes Hanc urbem cum formijs, Lin

669 1756 2329 214 terno, et Bais euertit Sabala Saracenorum Dnx

664 1868 2276 214 anno DccccXX : et eius loco condita fuit arg

669 1979 2222 223 Montis Draconis passibus mille distans a mari

669 2095 2271 227 quem tamen locum alij suibunt fuisse Massicum

673 2184 2294 245 montem, uel petrinum oppudum. Ex Strabone, L

660 2296 2159 236 uio, Plinio, Ricobalde, Blondo, Volaterrano, Iocio

446 2416 2610 214 16 Sipplus nons phrygia, nunc uocatur Cuzina: huins uertes

669 2514 2262 210 ſaxosus est, et mulieris formam prae Se fert, uude

700 2625 2347 201 Achelous fluuius defluit per Snyrnaeorum regionem

687 2701 2360 201 uel, ut alij legut apud Homerum, Acheleius : pede fa¬

691 2813 2351 200 bula conficta de Nipbe in Saxum uersa lachymas

682 2951 1129 134 mittens. Ex Eustathio

446 2938 2614 272 169 Sirbis Eyciae fluuius, Vanthus postea uocctur. Ex Steab

459 3053 2606 246 115 Sirmiensis campus in pannonia inter Sacum, Drauo

669 3178 2387 214 et Danubium, a Sirmio oppido uocartus. Francocho

669 3285 2405 214 rius a Niceta nuncupatus, nunc Syinigius. Ex Bonfini

468 3388 2597 218 1btSisapone oretanorum ubs in Hispania, eres est. Ex

673 3539 536 148 Gerundensi

477 3504 2507 290 169Sisar Mauritaniae fluuius, Voariem a plinio dicitur

486 3629 2574 218 116 Siſcia pannoniae opp. Lablatum, uel Lublana est, uel Sos

696 3731 2284 227 ſed in finibus Austriae, uel Sisacum. Ex Rub. Lazio

481 3834 2155 218 167Sisum Hispaniae opp. Sision dicitur. Ex Beutero

486 3954 2534 178 168Sittacene, Sitacene, et Sitacyne Asiae prouincia inxta

704 4030 2392 200 Susianaro, et Mediam, Arbelitis etiam dicta, palaestin

704 4119 2374 187 et Apolloniatis. Ptolemaeus tamen Sittacenem aſian

696 4222 2106 205 fnit ab, Apolloniatide. Ex ipso, Strabone, Plinio

526 4320 2561 218 19 Sbyrna Toniae urb a Smyrna Amazone dicta, condi¬

905 4413 2213 196 aTantao, nauocsus, Trichia, Hemoniss, et Plo

2984 4502 103 107 lte
