3698 5310
1213 451 1904 234 no, Velanrata, Eone Aplro, Munstero

961 588 2621 181 38 Mazaca, uel, ut est apud Stephanum, Maza Cappade

1200 703 2382 146 ciae menopolis ſub Argaeo monte omnium altissimo, a

1209 796 2369 146 Iosepo Mogn, ab Indaris Dor dicta, et in honorem A

1209 893 2364 173 gusti Augusta, ut ait Rusus, uel, ut plinius, Caesan

1217 1004 2370 155 Casaea Mngna, et teste Eusebis, Eusebeia. Ex ills, Stera

1213 1106 660 119 bone, Solino.

1138 1168 2453 186 Mazaca menopulis Ciliciae et ipsa, Eusebera nuncupa

1200 1287 2210 173 ta, ut ea, quae ſub Argaeo est. Ex Strabone.

987 1376 2609 159 39 Mazula Aphricae urbs, Beggia est ſub Tunetano Regno. Exler

974 1477 2529 151 18 Medeguara Britanniae fluuius, Medueia dicitur. Ex polydore

961 1553 2626 150 61 Medem opp. Boeotiae, phoenicis etiam nominatum fuit, quod fui

1186 1650 2259 173 ſub monte phoenicio prope onchestum. Ex Strabone,

956 1756 2626 164 62 Media Asiae prbouincia inter Hyrcacium cure, Armeniar

1195 1836 2392 208 Anyriam, et persidem, ∧oostadiorum longitudine, totidem

1217 1955 2370 191 fere latitudine, dicta a Medeo Iphet filio, uel a Medoes

1226 2079 2361 168 deae, qui ab Iasone Prouinciae Rex faccus fuit : Mereo

1222 2177 2360 181 postea appellata a Romanis. Populi Madai, et Medi ubi ⟨⟩

1226 2296 2339 146 eos ex Athenis Medea accessib. Ex Strabone, Togo

1213 2402 1696 168 Sex Rusto, Iosepo, Ptolemaeo, Rieglero.

983 2500 2613 199 68 Medidlatir⟧ ordocicum opp. in Britannia, Manchester, uel ſ

1222 2628 1537 155 chestrium est. Ex Munstero, Iouio

1155 2708 2441 177 Mediolanicum Aquitaniae opp. inter Santones, quod Steplha

1213 2818 2391 168 nus Mediolanum appellat, uulgo Xaintes, uel Magdiur

1213 2916 2090 172 Ex Strabone, Michaele Villanouano, Gaguino.

1151 3044 2436 137 Mediolanitum in Gallia Lugdunensi Eburaicorum op

1222 3124 2334 141 quod Aurelicnum, Aurellam, et Genabum dicunt

1226 3230 2352 137 niunc: Orlecrs. Ex Poydoro, Petro Apiano, Mun

1164 3292 2418 159 Mediolanium Insubrum metopolis, Mediolana etiam

1244 3407 2338 150 cta, Messapia, Olanum, Medum a Medo Insubrum

1253 3491 2343 168 printuipe, Aba, et Vicus Eduoram, modo Milanum,

1257 3588 2347 177 Beloueso Gallorum Due uel conditum, uel instauura

1253 3690 1869 159 tum. Ex Pontico Verunnio, Annio, Corio

1164 3792 2449 163 Mediolanium in Germania, Monasterium, uulgo q. Manshio

1226 3902 1457 155 est in Saxonia. Ex Munstero

987 3986 2595 177 64 Mediolum Celsiberam urbs in Hispania, Medina caeli ebl a

987 4106 2609 186 65 Mediomatriaes populi in Gallia Belgica, Austraa eddio

1213 4217 2387 159 ſij, et Metenses dicti ab Austrasia ſtrouincia, Metero

1253 4332 2347 137 etiam nuncupata a Metz urbe metropoli et Lotharis

1248 4425 2343 177 gia a lothario Lodouici pij filio. Ex Cranzio, nu
