3666 5350
673 601 870 179 ſtathio, Bordono.

646 664 2435 218 SSalcis oppidum in Ætolia in nonte chaluide positum

419 887 2716 205 17 Chalytes populi in ponio ad Thermodontem, chalybi ab He

713 829 1882 151 Hypochalcis etiam dicibatur. Ex Strabone

709 1025 2417 143 cataeo dicuntur a Chalybe Martis flio, ab alijs Byzeres

718 1110 2359 147 Strabo tumen Bygeres, et Chalybes dicersos facie : et

718 1217 2403 156 Chalybes eius temporibus Chaldaeos dici ſuribit, pius

731 1315 2462 178 Alybes, quos Homerus Halizonas appellaut. Ex eo

428 1453 2738 259 17Ehultybij Hispantae fluuius, Hegargosia nunc appellaa

731 1448 1084 148 dim, Stephano, Varino

718 1613 2221 183 in uoltimis Asturiarum finibus. Ex Gerundensi

441 1734 2779 174 173Charideni pronontorium in Bhaetica, qued Marius Are

735 1832 2485 192 tius Haridemum appellat, ab Oliuario Caput Gattae

731 1961 2132 147 dicitur, a Munstero nero Caput Carbomeris

437 2050 2760 165 174Chelonites promontorium in peloponneso, Chelonates

735 2148 2435 174 a Mela, Strabone, et Plinio dicutm, nunc Caput

450 2349 2738 169 174 Chaunaria promontorium Lilyaeinterioris ad Oceanus

833 2242 1196 192 ſoricis auccore Castato

744 2478 2476 161 Sreditur esse Caput Roogiatoris, ſc uocatum propt

744 2590 2444 147 ter multos reflexus, quos cXL M P. Spatio fauit

740 2710 2395 143 et ita reuolui a Lusitanis dicitur Bogiare. Nan

744 2795 2413 165 hoc ipsum Caput Gilianes Lusitamis primus ſui

762 2897 2038 179 peraust annio McoXXzuj. Ex Barroso

490 3004 2658 197 176C herrbonesus Aphricae urbs alia ningna, alia parun

767 3120 2448 170 est, illa Caput Raxatini, haec Hosire est. Alteram

762 3241 2462 160 Ex his Alexander in tertio rerum Libycarum

780 3339 2306 174 Cherrhuram appellauit. Ex Stephano, Munstero.

700 3450 2520 165 Cherrhonesus urbs Cretae Altamura est, uel Cornita

767 3553 1141 160 Ex Nordono, Munsſtero

726 3651 2525 183 Sherrhonesus Thraciae qurbs, Atheniensibus tributania

780 3771 2466 170 tuitici ferax, unde ipsi frumentum habebant, Cherne

802 3887 1771 143 ſus etiam dicta fuit. Ex Varino.

718 3967 2510 170 Cherrhonesus Taurica ponto, Bostoro Cimmerio, et

807 4079 2430 165 Maeotide cincta, Taunais etiam dicta, et Maea

802 4190 2382 170 tis, quo loco diccitur Osiris primum ſubiugasse

798 4284 2466 187 boues, et terram arasse : nunc Tartaria mino

811 4413 2417 183 Gazaria, et proprie prezelcop ( precopitam di

811 4525 2440 187 cimus) hoc est fossatum ab aquis ; quae eam cir

3081 4699 165 111 cu
