3666 5350
561 570 2623 294 ionda Iui Eylipnc dic quoim rpeti appe

749 806 2328 125 ruerit ennata, Apollinis, Dianae q. natale ſolum : olin

735 909 2386 120 Orlygia ab aue coturnice, in quam conuersa dicitur

762 985 2373 142 Asterix, uel Asteria Latonae ſoror ne ab Ioue cor

753 1078 2346 161 rcmmperetur : et ab ea etiani Asteria nuncupata

758 1168 2363 191 Cynthus quoq. et, ut apud Eglosthenem est, Cyn

753 1275 2315 200 thia a Cyntho Oceani filio,: Cynethus, Pelasgia

776 1386 2261 210 pyrpile, siue Pyrpule ab igne ibi primum reperto

762 1493 2364 201 chlamydia, Lagia, Cerha, Mydia, Agathussa, et Sa

753 1605 2355 187 thias, nunc uero Sdiie. ⟦lloekForinthij habitarum

767 1698 2332 205 eorum urbe a Romanis delita. Ex Cicerone, Plinno

762 1792 1646 205 Seruio, Stephano, Isaacio, Bordono.

584 1868 2640 245 19 Delta a Nilo, et mare Insula facta Ægypti pars te

762 1979 2453 236 tia 3000 ferè Stadiorum ambim, ab Ægyptijs dicitu

762 2113 2078 223 Ptimyris, ut Ephorus ai. Ex Strabone, Stephano

575 2242 2645 174 20 Demetae Britanniae populi ſunt qui Southialiam repit

767 2371 1262 143 nem incolunt. Ex Munst

579 2385 2636 245 2 Deorum curius ons altissimus in Æthiopia ad ocea

758 2514 2462 183 num, nunc dicitur Serra Liona, auus cacumen ſempea

767 2608 2426 182 nubilosum est, unde fulgura, tonitrua q. audiuntur

767 2728 1824 161 Ex Interprete nanigatidnis Hannonis

566 2813 2631 178 uDerbe, uel Dorbeia, et choelbeia opp. Isauriae, Lycaonun

758 2933 1806 147 uoce dicitur Arceuthus. Ex Stephano

606 3009 2627 178 0Derbij, Terbissi ue populi prope Hyrcanos, ab Apollonio

735 3120 1343 125 Delbiccae dicuntur. Ex eodem

575 3201 2582 160 24 Dersaei Thraciae populi apud Hecodotum, ſunt qui a

762 3303 1980 156 Barbaris ipsis dicuntur Derrhan. Ex eodem.

579 3401 2636 170 25 Dertona Taurinorum opp. in Italia, Derthon a Stra

771 3513 2431 142 bone appellatur, ab Artemidoro uero Dertuna. Ex eodi

584 3597 2622 161 26 Dertasa Ilercaonum opp. in Hispania, nunc est Tortosa

767 3700 2386 160 4llercosa etiam, et Lercorsa appellata. Ex Beutero,

776 3811 450 139 Munstero

593 3860 2381 179 27 Veua Britanniae fluiius, Dea dicitur. Ex Iouio

597 3972 2609 183 18 Deuana Texalorum urbs in Britannia, uulgo Bebae ap

780 4088 2413 151 pellatur, Bamburg, Bebamburg, et Bobcite : uel Donce

793 4186 2061 169 strem, aut Dunstanburg. Ex polydoro, Munstero

606 4280 2636 169 19 Deucalidonius oceanus Septenurionalis est a paropamis

784 4387 2427 142 amna ad Chromum usq. Hunc Oceanum Hecataeus ap

802 4489 2453 219 pillat Anmulcium, quolnnnn eus Sentis lingu Honu

3063 4596 183 125 ſica
