3698 5413
993 672 2555 225 169 Byulus narituna phaericia cscitas, nmnium antiquissi ma a

1241 816 2312 135 turno condita, Shebal ucocatur, Gibletb, Gibellus, uel Go

1255 920 2316 140 ta, aut Saietes Ex Stephano, Brocardo, Iustiniano, He⟩

1250 996 1084 145 nedicto Acolto, Oliuario.

1033 1060 2520 162 170 Byce in Maeotidis listore ſita, Buges a plini nuncupatur

1029 1154 2538 158 171 Byzacena Aphricae urbs, Byzantlum etiam dicta, Byzatiur

1228 1272 2334 135 est. A qua Byzantes, et Byzantoj dicuntur populi puro

1228 1339 2343 172 Carthaginem, quos Heroditus uocauit Cyzantas, e E

1237 1425 2330 176 Xantas, Plinius Libyphoenicas, Stephanus Byssacenos

1237 1529 876 117 Ex illis, et Munstero

1061 1565 2506 167 172 Bygantium Thraciae urbs in Propontide in promontenm

1232 1664 2330 171 Cheysocerate dicta a Byzante Rege Thraciae filio

1232 1768 2339 189 Croenses, uel a Byze praefecto classis Megarensiurs

1237 1885 2343 162 qui oratuli iussu Byzantium condidere in ore Ponitur

1223 1989 2353 171 Agios etiam dicta, Byza, Æthusa, Lygos, Antonia u⟨⟩

1223 2102 2357 157 Antonio Bassiano Seueri filio, et a Constantino Ma

1205 2223 2384 140 Constantinopolis, Anthusa, et Noua Roma : ad instae

1223 2332 2353 153 enim Romae ipsam instaur auit, in quatuor decimq u

1232 2426 2339 172 gionibus diuisit. In unaquaq. earum costitut Ca

1223 2544 2375 189 torem unum, quitetius regionis Sollicitudinem gerta

1232 2656 2362 185 Vicomagistros quinque, quibus per noctem tuendiae a

1214 2751 2384 208 bis cura manduta erat. Eius longitudo fuit a pore

1210 2886 1327 131 aurea nsq. ad littus maris

2551 2886 1056 185 dyMeop. Latitudo uriu

1214 2990 2393 221 Mo Inqua fuere Vici Sis, donus 43585, horrea ſep

1214 3112 2384 221 pistrina publica ui, priuata X8iI, Therae Vt, Ba

1201 3247 2397 212 linea cxXXiI, templa Xir, Basilicae duae, Porticus

1214 3360 2384 221 Liit, Foratria Constantini, Theodosiacum, Honeo

1214 3459 2384 266 rianum, Circus, Amphitheatruim, Theatra duo, Heo

1219 3572 2388 284 latia quinqe domus Augustarum ſex, domus uobicba

1214 3703 2393 271 ſimae eres. Sed capta anno Mcccc List a Maormo

1228 3811 2370 262 Turcarum Imperatorr, Constantinio Decimo inter

1219 3924 2379 244 fecto, ritu Turcarum incoletur, et ab ipsis Turu

1214 4010 2366 248 Czacudos appellantur,  est domus Caesaris. Ex

1210 4131 2397 267 Plinio, Solino, Stephano, Volaterrano, Varino, Pclae

1196 4235 1025 230 dio, Vadiano, ongphrio
