3698 5310
987 495 2564 182 puLybia Italiae urbs ab Heraulis Ægyptij nomine dicta,

1204 623 2361 151 leonina postea, et Aria, nunic Nouaria a Liguri

1222 730 2329 128 bus, As instauratoribus : Albuitij Sibi Oratoris patria

1222 818 1289 133 Ex Sabellico, Volatorrano.

978 898 2569 172 eus Lycia in Asia duplex est : altera in Caria prope Cibi

1209 1017 2356 173 ciam iso Stadiorum longitudiur : quam Lycij ina

1217 1128 2370 186 luere uocati a Lyro Rege Pandionis Mheniensis flio

1217 1274 824 146 antea uero Ogyg

2077 1261 1483 190 ij ab Ogyge filio Termerae : Ter

1213 1354 2365 203 mylae quoq, uel, ut apud Hecataeum legitur, Trem

1222 1446 2365 231 lae, aut Tremyleè, ut uocat Alexander, a Trenpli

1226 1570 2361 208 patre Imoi, Zanthi, Pinari, et Cragi, uel Teramli

1217 1690 2361 199 lae, ut appellat Strabo, et Termilae a Ternmlis, qu

1222 1818 2356 164 cum Sarpedorge ex Creta in Lyciam uenero, Line

1213 1933 2352 160 propie Teratylae, et Termylae fuerint ciues Te

1222 2053 2360 137 merae urbis Lyciae. Haec prouincia nunc dicitur Be

1209 2146 2378 159 quia, in qua regnauit Sarpedon. Abera Lycia, Pa

1204 2256 2374 160 ua crgnominata, et ab Homero Troica Lycia ut a

1213 2367 2356 190 Porphyrius, ab alijs Parua Toia, erat regio sub¬

1217 2495 2356 182 leia urbe posia frb Ida monte Toadis, dicta a

1204 2628 2387 177 Lycaone Pandari patre : et incolae Lycij appella

1195 2770 2387 154 noes etiam, quia Troiani erant, et Zeleitae, uel te

1217 2902 2365 160 leiotae a Zeleta ipsa urbe ſtadijs 1s0 distante a Cyx

1195 3031 2383 159 co, uocata a Zeleio Heroe, Zelie etiam, et Ziele dict

1213 3155 2347 159 Immo Arrhianus hanc ipsan crbem Lyciam appella

1195 3292 2392 168 tam Suribit, et paruam Troiam. Ex Strab. Steph. Este

952 3402 2648 177 13 Lycormas, Lycornas, et Lycormnus Ætoliae fluuius, ad quea

1200 3522 2396 159 ponitor erat Nesus ſagitta interfecaus ab Heruul p

1200 3624 2396 163 ſtea Euenus dictus, ut et apud Stephanum legendum

1186 3725 2387 173 ab Eueno Rege, qui in eo praecipitem ſe dedic obi

1191 3832 2396 163 Marpissam Giliam. Ex Dianae templo ab ſda raptam

1151 3955 2431 169 Ætolos a Locris Separabat. Ex Strab. Scholis Homei, Vua

943 4040 2644 216 n6 Lycus Sarmantiae fluuius, Lech, uel Buges est. Ex Rbe

947 4168 2640 217 n0 Lyus urbs Cretae loco alto condita, quem Atefor dis

1182 4283 2418 257 cnt, Cctus etiam appellata a lycto Scaonis fli. Ey

1191 4380 385 142 Stephano
