3681 5350
664 610 2428 232 doca est, quoniam toste Ærhyt, lapidum inber Baeui

669 749 2396 200 dic Herurte prrgnante aduersus Ligures : cum anter

669 864 2338 174 nullum Saxum in ea adesset Hos populrs antiq ui

673 967 2392 156 Graeci Salyas uocrunt, Sicut et in decimo Historia

673 1052 2432 178 rum feut Charax : celti autem postea eos Ligya

687 1168 2378 191 dixere, Æschylus Ligyos, Artemidorus Ligyros a Lig

669 1292 2431 192 ro fluuio : et alij Igauni, alij Intemelij cegnominabum

682 1404 2343 201 tur : Polybius uero his addit duas alias nationest

682 1529 2410 191 Oxybiorum, et Deceitarum Sed Therpompus Ipsi

687 1645 2467 178 coros, uel Ipsichuros, et Arbaxanos Suibio primum hanc

691 1765 2356 196 regoinem desertam incoluisse. Ex Strabone, Plimo,

709 1899 1231 178 Stephano, Isaacio, Blondo.

464 1952 2552 223 19 Libybaeum Siciliae promontorium ad occidentem, et urbs

682 2082 1517 187 Maroala nunc est. Ex teandro

441 2122 2659 245 70 Limioſaleum Germaniae urbs, Gnisna dicitur. Ex Munst

459 2233 2664 236 7 Limni eremus in oceano Insula Hyberniae adiacens, Se

700 2398 1107 152 limnus a Plinio dicitur.

468 2429 2659 219 72L imonum pictonum opp. Limon uulgo appellatur. Ex

718 2608 392 133 Roberto.

468 2599 2570 258 73 Limusa pannoniae urbs, Musenburgum etiam dictum,

709 2768 1343 174 nunc Musum. Ex Lazio

472 2817 2584 210 74 Limyrus Eyciae fluuuius, Lorymus est. Ex Munstero

495 2897 2637 255 73 Lindifarnis in Britannia locus inter Angliam, et Sco

718 3031 2418 214 tiam, ubi templum est, multa q. Diuorum cadaue

727 3125 2431 249 ra condita, inde locus ipse Hoby Ilond hoc est Sar

722 3254 2222 232 cta Insula a Britannis dicitur. Ex polydoro.

504 3374 2650 214 76 Lindon Britanniae urbs, Lindonium, a Marciano in

745 3459 2422 228 descriptione Britanniae dictum, Lincolina, Lindecoli

736 3584 2440 232 numq. appellatur : uulḡ Lyncola. Ex Steph. Rub. Munst

513 3704 2605 210 77 Linternum Scipionis uilla eius uoluntario Exilo

740 3794 2378 227 praeclara, inter Vulturnum, et Cumas, a Blondo

771 3923 2106 205 Veliternum esse creditur, ab louio patria,

535 4008 2601 236 78 Lipara, et Liparis Insula maior ex Æolidis Xi

771 4128 2347 236 M. p. ciruiitu nuncupata a Liparo Ausons filio

771 4213 2410 267 qui eam ante Æolum, ut ait Solinus, uel post Æolunm

3034 4440 129 116 na

780 4337 2396 290 plinio teste, obtinuit : olim a Callimacho in hymto Do
