3698 5413
948 622 2632 289 16 Casremonana apudl Artoninum in Norice, est Rotenmur

1214 807 1224 153 oppidum Styriae. Ex Lazio

993 843 2578 217 119 Castrum piceni oppilum, Sanctus Flauianus dicitur. Ex Bontia

984 947 2601 212 no Castrum Stillicons, Castellionum est in agro Mantuane

1210 1051 2370 180 unde fuit nobilis gens Castellionia, et Ex la mea aetate

1241 1136 1671 190 Balthasar poëta insignis. Ex Merula

1020 1204 2578 221 12 Castrum. Traiani in Germania, Tromburgum, et Gon

1241 1312 1860 176 burgum appellantur. Ex Beato Rhenano C

1038 1393 2560 203 eCastipon Hippaniae Tarraconensis urbs, Caslona ricitus

1241 1515 1630 181 uel Castona. Ex Marineo, Munstero

1056 1560 2533 235 10 Casuarij Germaniae populi fuere, ubi nunc ſunt Turin

1228 1714 1296 144 in Saxonia. Ex Munstero

1043 1754 2555 194 222 asurgis cermaniae opp. praga est Boemice rigia: qu

1250 1867 2348 180 Marobudum uocatam fuisse a Marobudo Rege Suerio

1246 1993 1670 131 ſuribus Auentinus. Ex illo, Munstero.

1052 2056 2551 172 123Catana Siciliae urbs a Naxijscondita: postea ab Hieron

1246 2160 2352 167 Syracusanorum Rege Naxijs expulsis, alijs habitanda

1259 2246 2344 180 ta, et ab es Ætna uocata, Mortuo uero Hieronrcat

1273 2359 2334 167 naei redcuntes nouos incolas expulerunt, antiquoq. non

1259 2467 2348 158 ne urbem Catanam uocarunt, charumdae insignis leg

1264 2553 2343 176 latoris patria, quae addnc Catania dicitur. Ætnaei uer

1255 2665 2352 158 illi expulsi  habitarunt Innesam, quam Stephanus In

1268 2801 2348 112 ſum cppellat, in monte Æbna, LXXX ſtadijs a Cata

1264 2868 2343 181 distantem, hancpt appellarunt Æinam urbem, cuiues

1255 2981 2357 185 ditorm diculgarcntt fuisse Hieronem testimonio pinda

1259 3085 2357 189 qui tamen Æinam pno Catana intelligit. Ex Strabono

1313 3198 1039 149 ſtephao ipso, Munstero.

1061 3252 2555 153 126 Cattdleboc i Germaiae populi Catthorum pars, Catzenelebo

1273 3365 1178 144 ſunt. Ex Beato Rhenano.

1070 3432 2528 181 127 Catthi populi prope Hercynium nemus, Chattae etiam

1286 3536 1987 122 Hessi ſunt. Ex Tacito, Ptolemaeo, Munstero.

1088 3608 2325 154 18 Catulina castra in Pannonia, Tulaa est. Ex Lazio.

1083 3694 2520 153 12 Caturrhactonium Drigantum opp. in Britannia, Alertonm

1268 3780 2339 176 nunc est, uel Caerleit, Cabrdulia, et Lugubalia. Ex M⟨⟩

1074 3915 2542 212 180 aiun⟧s in Galla Darbenensi populi, Cauares a Melu

1079 3861 663 198 ib alra Douioa

1241 4046 1423 171 cuntur, a Strabone Cathyari¬

1088 4113 2519 217 18 Cauca Htispaniae opp. quenca est, uel tonca. Ex Munste

1083 4235 2511 176 102 Caucana Siciliae portus, Raracara uocatur. Ex eodem

1088 4312 2524 207 109 Cauchi Germaniae populi, Grunes postea dicti a Duce qu

1268 4407 2339 194 dam Franco, qui Gruningam urbem condidit, ſuu Dr

1282 4515 2325 176 quorum r egio inundatione naois ſub mersa fuit anno

1295 4610 2001 198 perauntibus ſupra c M hominibus. Ex Cranto
