3698 5310
1191 535 2338 203 pompio Fisto Ilurcis, a Plinio Ituci, Virtus Iulia a

1204 677 2338 168 minata, urbs Turdulorum in Hispania, Sex. Fosti

1195 778 2356 182 ſius temporilus Gracchuris, uocata, nunc Illora, uba

1186 893 1785 155 ut Beuterus ait, Giaena, aut Agrega

956 955 2595 208 33 Iumbrus Asiae Insula in, editerraneo Cabiris, et Merans⟩

1204 1097 2343 164 ſacra, Lemorus est : a qua illis qui uadimonium deſtr

1213 1194 2321 182 bant, prouerbialiter Imbrios appellarunt, ut ſuibit

1209 1269 2329 204 Ælius Dionysius in Lexico, postea quam quosdam i

1200 1389 2347 177 iuditium uocutos relatum est in Inrbro esse. Ex St

1213 1491 1298 168 phano, Vino Bondono.

961 1588 2590 177 34 India Asiae prouincia a fnibus persarum, usq. ad regionmo

1204 1694 2343 164 Sinarum protensu ducentum milium ſtadiorum Spatio,

1213 1796 2329 173 tituine centum Sixaginta milium a Caucasijs montibus

1204 1898 2347 150 in Auprae mare ; gentes centum et duode uiginti con

1213 1991 2343 177 nens, ab Indo fluios dicta; a Gange diuiditur in mae⟨

1213 2101 2338 182 em et minorem, quas alij Superiorem, et in feriont

1217 2208 2339 194 appelant. Maior, et ſuperior ap uocatur India extue

1213 2301 2347 230 Gangem, continetq. Regria Catay, Mulpha, Cyanb

1213 2433 2338 222 chairam, Thebet, Bocat, Marsuli, Malabar, Va

1213 2570 2347 191 aliaq. pleraq. Minor autem, et Infrior nuncupuus

1222 2672 2334 195 India intra Gangem, et continet Regna Marsio

1213 2796 2356 177 Calicut, Cananor, Tornia, Pataim, Bisnagar, Be

1222 2929 2347 150 racala, et peraq. alia. India ipsa communi nomine a

1217 3022 2361 172 incolis dicitur Indostan. Ex Strabone, Plinio, Heron⟨

1217 3146 1719 159 mo, Marco paulto Veneto, Oliuario.

987 3212 2586 243 35 Indiae urbs Hispania prope pyrenem, ab aliquibus Blabe

1191 3354 1430 177 rura uocatur. Ex Stephano

987 3455 2591 169 36 Indus Asiae fluuius ex paropamisso monte Caucasi⟨⟩

1178 3579 2395 164 go ortus, Sexaginta fluuijs receptis, torrentibus anon

1217 3694 2334 151 plius centum : in Australe mare deftuebut olim Septem

1200 3783 2378 186 ostijs, nunc unro durbus umille stadijs inter se dstantibus

1209 3907 2373 150 ut Aristobulus aib, ut Nearchus 1800 MSandus etiat

566 3964 3012 213 2Insula patheappeillatus ab incotis, ab alijs Timyra, nunc Crecdo

655 4066 159 177 fau

1186 4106 2387 172 et Inder. Ex Strabone, Plinmo, Stephano, Murco Paulu

1213 4217 416 123 Salellico

965 4265 2617 288 37 Iacunuhrau Italianpium lnceriuuset in Regnx
