3666 5350
486 659 2729 268 310 Artabri: in Hspania Tarraconensi populi, quos Strabo, et

807 798 2408 209 Plinius Arotrebas, Mela Arotebras uocart Iude Arote

811 900 2426 236 bratum portus, qui uulgo Gallegos dicitur a Gallegis po

530 1101 2756 183 38 Artace, uel Artaces phrygiae oppidum Milesiarum Colonia, N

914 1034 687 125 lis. Ex Oliuario

2055 1038 125 107 B

807 1226 2462 138 ſium oicitur a Demoetrio, et Timosthene, uugo nunc ue

539 1391 2689 205 312 Artaunum Germaniae urbs, olim Marcoptolis, Peapolis

820 1324 1606 142 ro Carpi. Ex Stephano, Munstero.

811 1506 2471 170 et Morgoni pagus , nunc Herbipolis, et Germanorum lin

829 1618 2462 209 gpa Vuicepurg, cuius Ponufx Dux Franciae uocatur

820 1752 1186 165 Ex Cuspiniano, Altamero.

548 1814 2729 192 313 Artaxata Armeniae meropolis Tigrcanis regia prope Ar

820 1930 2462 165 taxenum campium ab Annibale poeno condita, et ab

825 2041 2457 188 Artaxia Rege uocata, Arta xiasota etiam dicta, et

820 2180 2422 182 Artaxiasata, Cobim est : quo loco nnno i5it in Caſ

825 2300 2386 187 derannis eampis Artaxeno olia dictis pugnarunt

820 2434 2368 156 Selymus Turcarum Imperator, et Ismael Sophus

825 2527 2435 210 persaram Rex, et Persae uicti fuere. Ex Straboneo

816 2688 753 156 Stephano, Iouio.

535 2741 2747 205 314 Artenisia Insula in Ligustico mari, à Latinis Dianium

820 2871 2065 187 ex ipso Graeco nomine uocatur. Ex Plinio

539 3009 2404 165 315 Artigis Hispaniae urbs, Alama est. Ex Beutero.

566 3107 2676 178 316 Artobriga Vindeliciae opp. Rhaetobonna etiam dictum

820 3214 2444 169 ac Si Rhaetorum cobortis Statiua fuisset : inde Ratis

820 3321 2373 214 biona, et uulgo Rauenspurg, et Regenspurg ex

829 3464 2448 178 Reginoburgo, quo nomint appellatum fuit a Caro

825 3562 2475 227 L Magno a Reginobirga foitasse Vxne Theodo

825 3731 2408 187 nis Boiorum Ducis, qui Vindeliciam, pulsis Rona

820 3878 2284 147 ns, occupauit. Ex Auentino, Munstero, Lazio.

553 3954 2649 187 317 Artynia palus prope Cyzicum, Aphnetum dicebatur

820 4079 2440 174 Aphnitis, uel Dascylitis. qui circa ipsam erant ab Ho

825 4186 2479 178 mero dicuntur Aphneis. Ex Strabone, Steph. Eustathio

561 4266 2734 219 318 Aruerni Aquitaniae populi Heduis finitimi, ab Apolle

816 4400 2484 205 ioro Aroërni dicti, Aruergne ſunt. Ex Steph Robi⟩

570 4489 2721 236 319 Aruisſium in Chio promontonrium, Maruiſia nunc uo

3037 4676 263 130 catur
