3666 5350
753 655 2444 174 mellis anari, propter taxorum abundantium : homines Ii

758 784 2453 156 trocinijs dediti, unde a Romanis eorum oppida diru

753 891 2467 152 ta fuere Erant enim in Insula Ciuitates XXXIii et

753 1003 2458 151 duae Coloniae Mariana, et Aleria, altera a C Mari

749 1114 2435 143 altera a Sylla Dictatore deducta : longitudo eius esste

731 1221 2448 178 Ct, uel cta M. p. latinudo maiori ex parte L M. H

753 1350 2467 174 uel Lx M. ambitus cccXXiI M. Apud Srrabone

758 1466 2479 179 ambitus mensurae numerus corruptus est. A Tuhem

749 1613 2475 156 Olim possesa, nmuox a Carthaginiensibco, inde a Romani

749 1720 2439 156 postmodum a Saracenis, quus Expulere Genuenses, et

767 1836 2439 147 hos Pisani : Sed pisanis uiuis Genuenses rursus Insul

758 1961 2426 134 obtimere. Gallorum postea, Genus Turcarum et Ge

749 2068 2457 170 nuensi um armis deuastata, cum populi ſe Gallorm

758 2189 2457 165 Regi dedissent: restituta Gennensibus fuit in pace faco

749 2304 2444 174 ab Hispano. Rege am Gallis anno ſuperiori M B

758 2447 2453 161 Ltx. Ex Strabone, Plinio, Dconysio Aphro, Sercuo

762 2568 424 142 Stephano

450 2612 2796 205 312 Cyropolis Mediae urbs, Cyrechata dicta, Spyras est. Ex Stepho

740 2790 486 112 no, Iouio.

459 2799 2778 214 313 Cyteorum Cappadociae urbs in Ponto Polemoniaco, Cotis

740 2929 2435 182 rum uocatur a plinio, nunc Cecino. Ex Munstero

463 3049 2716 178 3e4 Cythera, Cytheraea et Cytherus Insula pope Cretam, a

740 3165 2426 187 Cythero phoenicis filio: prius Porphyrussa, et Porphyris

762 3308 2453 173 dicta propter pulchritudinem purpurarum, ut ait Ar

744 3419 2489 201 ſtoteles : nunc Cerigo Lx M. P. ambitu : Veneri ol

753 3553 2426 169 dicata propter celebre templum, quod in ea habebat

758 3695 2448 179 in Cythera urbe unde Cythereia Venus appellata, ue

735 3829 2476 174 ait Hesiodus. Ex Stephano, Eustathio, Varino, Bordo

503 3941 2717 178 315 Cyzicus urbs propentidis in Insula eiuidem nominis quin

793 4057 2444 182 gentorum fer̀ ſtadiorum ambitu duobus pontibus co

762 4181 2449 170 tinenti inncta, continenti uero iuncta ab Alexandro : con

758 4284 2448 205 dica fuit a Thessules, et a Cyzico Ænei Thessatie

780 4440 2484 192 filio uocata, quem Iasm interfiut : prius Arctonnesus

1427 561 294 170 pertius

2461 584 152 120 Sq

3055 4556 196 183 dict
