3681 5350
825 628 2320 170 rus aliquando dictus, et diuersis nominibus per partes

829 744 2329 143 uocatus : ad mare quidem Ceraunius, in Cilicia Taurus

825 815 2342 179 Cilicius, uel tanqaam magnue, quoniam antiqui omnia

816 913 2383 152 magna, et violema dixerunt Tauros : uel quid rius par

820 985 2289 192 quae in mare decidit, taurino capiti ſinilis ſit. Et hic

861 1092 2338 205 Taurus in Amanum, Antitaurum q. ſcinditur. Antitauru

820 1177 2352 222 ad Septentrionem magis uergit, post quem est mons ma

847 1288 2352 227 gnus, cuias pars polyarrhes, pars Montes Moschi¬

838 1382 2316 227 z1 dicuntur: ſupra Colchos Caraxinus, e Neniochis

829 1498 2365 196 ab Heniochis Scythis, qui originem habuere a Laco

834 1587 2324 240 nibus, quos eò duxere Rhecas, et Amphistratus e

825 1680 2391 245 apud Ammianam mendose legitur Telchius, et Ampho⟩

829 1787 2374 259 tuss Disauram priο xo1 aurigae scilicet, unde popurd

843 1908 2369 240 illi nomen habuere. Amanus autem australicr ma

861 2001 2355 259 gis est, et usq. ad Euphratem, et Melitinum progredi

843 2126 2373 232 tur, Iictus quiod ibi ab inſania liberatus fuerit Ot

843 2238 2360 236 ſtes, antea uero Melantius, et nunc propterea Mons

847 2331 2361 223 niger. Ex Amano Caspius porrigitur uersus man

843 2420 2373 246 Cespium : inde Amanus Armeniam disterminat a Mu

852 2536 2347 246 ſopotamia, et Gordyaei montes appellantur, n quibus

852 2652 2306 237 est Masius mons ſupra Nisibia, et Abus uersus

847 2732 2387 241 Ccbatanam. In finibus Mesopotamiae dicitur N pha

861 2848 2369 255 tes, uel Nymphates, qui in Assyria diuiditur in Za¬

865 2973 2360 250 grium, Zagrum ae, et Parachoatram, aet Parazaa

861 3067 2364 236 thram uersus persidem. Zagrius usq. in Media

856 3187 2374 214 Ibarus, uel Imbarus nuncupatur : et Zagrius ipse Me

865 3276 2356 250 diam, et Babyloniam disterminat : in Hyrcania uo

856 3406 2401 254 catur Coronus : a quo et Parachoatra Masdora

861 3513 2333 258 nus porrigiar, qui Parthiam ab Aria diuidit

874 3642 2347 250 In Aria hiac Sunt Sariphi montes Ex Corono

865 3749 2374 267 hinc Paropamisus e parachoatra. Paropamia

865 3865 2365 272 ſus ubi ſe ſuperat Caucasus, et Caucasis dicitur

2953 3954 103 98 ao

861 3981 2338 241 a Macedonibus, a Barbaris Eodaa, et Paoos

852 4092 2396 268 Caucasi latera Colici montes appellantr, et Colipo

2645 4230 603 143 Imaus mons

883 4266 1642 205 pauli eos inoolentes, uel Comedi: Inde

874 4333 2392 236 cuius extrema Indiam terminantia indigene Imatia

3060 4427 241 147 etiam
