3595 5350
611 526 2163 133 Alphonso II ⟦Atestino⟧ Duci Ferrariae ↄc

829 646 1369 116 Gaspar Sardus S

178 806 3127 148 Cum diu, multumq. in Historia perlegenda uersatus essem

361 936 2921 134 ms Maxime Princeps, quòd ipsa ex rerum ueterum com

356 1043 2958 151 memoratiore uitae magistra sit : et antiquorum tem¬

352 1168 2975 165 porum memoria oblectationem honestissimam animo prae¬

356 1266 2926 165 stet : Videbam eam nimis quandoq. obscuram reddi locis

379 1408 2894 116 quae diuersis nominibus ab Historiarum scriptoribus uo¬

419 1547 2881 124 carentur : quòd omnis rerum gestarum cognitio con

419 1662 2930 152 funderentur : cum dubitari merito posset eadem me esset

423 1801 2944 138 quae narrarentur, an diuersa ; eisdem in locis gesta fue¬

423 1908 2935 138 rint, seu in alijs. Cui incommodo ut subuenirem, caepi

423 2055 2886 98 elementariarum literarum ordine quaecumq. loca notare, quae

419 2162 2890 111 quauis causa nomina commŭtassent. Quod caeptum cum

432 2282 2895 129 multis abhinc annis a uiris ingenio, et doctrina praestan

450 2420 2872 116 tissimis tàm Italis, quàm externis comprobari intel

437 2541 2877 151 lexissem, qui dicebant hon non modo historiae utile fore , Sed

459 2688 2792 134 etiam ut poëtarum carmina, et Cosmographorum libri

450 2826 2756 120 clarius intelligerentur; quomodo prodesse uideantur in

477 2955 2756 148 primis quidem Stephani Byzantij, postea uerò Vibis ſe¬

459 3116 2797 134 questris, Ioannis Boccarij, et ſi qui ſunt aliorum ſic

459 3263 2912 138 ſcripti libri : Hoc ego eorum iuditio confirmatus, etiam

477 3397 2903 160 libentius, quod faciebam, pervegi, adeo ut paulatim, quem

517 3544 2841 129 uides emanarit liber. In quo efficiendo cum pleriq. om

517 3695 2859 130 nes auctores consenserim, eorum opinionem amplector

490 3807 2855 165 hanc  q. ſequor : cum dissenserint, eam adfero, quae cer

508 3941 2690 125 tior uel auctoris diligentia, uel locorum poſitione, uel

526 4079 2845 129 nouis colonis uiderentur : eorum uerò nominum, quae incer

512 4190 2815 130 ta omnino ſunt; trado diversas opiniones : auctorum

517 4297 2814 143 etiam nominibus, unde haec collegerim, additis, non ſin

3033 4444 258 152 gulis

2363 321 625 191 Bongars
