3681 5350
664 535 2414 254 Tigis Asia flius : Bingrsestu ebilnus.: qua⟨

816 726 2360 156 tardior fluit Diglito nuncupatur, et ab Iudeis Diglath : un

820 811 2361 151 de concitatur a leritatr Tigrcis dicitur : ita enim ap¬

812 900 2373 156 pellant Medi Sagitt ami usl quoniam tigai ferae inpusi ui

798 985 2369 151 eum liberr pater Lranarit Scb Taurum montem Iap¬

794 1070 2347 173 ſus a latere eius altero ercmpit: et dicuisus in duos al¬

803 1172 2329 165 ueos Mesopotania fucta, iterum innctus pasitigris

807 1243 2351 174 appellatur : et decumo lore maris persico, infercur. Aqui

820 1324 2343 187 busdcm Silysdicitur. Ex Plimo, parrhasio, Nunstor

539 1413 2602 178 100Tigulia in Æthruia , Lagula est, uel Spedia. Ex Volunrano

807 1520 1142 147 Decartionr Vrbium Itbir

2110 1515 294 81 Repurb

593 1502 2521 267 0. Tilium Sardiniae opp. Sancca Ropaanta dicitur. Ex Muno

620 1591 2440 277 12 ius Vmbriae fluuius, Topicium nuncupatur. Ex Blondo

615 1707 2035 227 15,inna Britanniae aestus, Tyne est. Ex Mnstro

646 1765 2526 245 1 ipasa Mauritaniae Casaitnsis opp. Tenese dicitur. Ex eodeno

606 1876 2606 228 05 Firiscum Datiae opp. q Varos postea dictum, nunc Grossecha

794 2015 642 147 na. Ex Luzio

588 2019 2633 228 106 Tiriſta Daciae urbs, Teruuish est Vuebachiae menopolix

874 2175 134 147 ode

606 2140 2597 280 107 Titana locus S Sioniae, Teutanium postea nuncupatu

834 2233 2374 250 fuit, uel, ut Euſtaris ait,  Titanium : Dicit q. non in Sycio

825 2331 2378 223 ⟦ia, Ied locum faises Bihessaliae, ubi Titanes dicuntur a

1954 2461 165 124 tano

843 2496 1013 170 Ioue interfeci. Eqx ipso, S

606 2469 2637 308 08 Tithorqea urbs phyocidis in promontonij parnaſsi, a Titho

838 2599 2307 236 raea Nymphae didacti, ubi Zethus, et Amphion Sepudlti ſunt

829 2666 2285 263 ea est, quamo Haerodotus Neonems alj Neooen cppellant

838 2839 1406 174 Ex Pausanise, Stephano, Varino

642 2839 2552 286 109 itus, Iftororaie Illyo, cherea est. Ex Itineranio ad Byzantio

651 2960 2543 241 110 Toesobis ⟦Bitanniae fluuius, Conuey uocatur. Ex Villarounto

664 3045 2579 245 111 Toliapis eolin Insula prope Britanniar, nunc pininsula, Teno

847 3183 1490 218 et Tenet nuncupatur. Ex Munstero

678 3236 2538 237 112 omarus Thespnotiddij mons, ſub quo iacet templum Dodonaetum

843 3334 2324 192 a pelasgis conditum I Tmarus etiam dicitur. A quo monte

820 3415 2414 209 uates dodonaeos Tomoros ab Homero appellatus dicunt, uer

544 3517 2641 201 Tomuras omu eb : nam et mons ipse Tomuros uocabatur. Apuro

878 3588 2361 223 Hamerum enim magis legindum uidetur Topoga, uel To

883 3691 2374 210 n8gi hac causae, quam Ocpiscs, utu in alipuibus codicibus

883 3780 2262 210 quipppip est : quoniam Ocpuscσ⟧ apud ipsum non uaeticini a

914 3865 2231 223 , Seo consilia, et consttaliones. Ex Strabone, Varino

682 3927 2503 241 13 Tomi Moesiae opp. ouidij poëtae epulio clarum, a Coelio

865 4039 2369 200 Calcagnino Firrariense uiro doccissimo ſin carmine de Mon

883 4132 2360 183 bus Scytharum creditur ese Tomisuari quod alij Temis a

883 4213 2360 182 uar appellant, Lazim q. exiſtimac esse oppidum, quod a Strabo

883 4324 2360 152 ne dicitur Tomeus, propter Absyrtum Æeta filium c Mede

901 4413 2289 138 et Iasone in fuga ibi concisunm Est in Dacia , et uocatur

941 4494 1776 160 leme fluuio, cquem lorncuides appellat Achan
