3689 5270
1005 531 2398 202 què Graeci uocant oaugas : Lycastiae a Eycaſtijs ri

1032 649 2375 189 gione in Leucolyria : a Scythis Aeorpata, hac est uiro

1010 755 2433 189 pccidentes. Imperare ceperunt quamdb Sarmatae Asiat

1036 830 2398 215 4 bellum gerentes in Europa uicti, cresiqù fuere. S⟨⟩

1005 944 2363 211 lanis postea bellum intulere, inde Atheniensibus, Ses

1010 1058 2419 211 Laomedonte in phsygia uictae, à Theseo apud Ama

1023 1181 2402 206 zonium in Attica, in Asiam rediere, habitarumt qu

1018 1304 2442 206 in Caucasijs montibus ſnpra Albaniam positis : cx

1023 1440 2411 167 earum pars pro Priamo aduersus Graecos bellum ſe

1049 1537 2328 197 cepere, ſed ab Achille ſuperatae, in Italiam traijcere

1023 1655 2428 202 ubi aliquot oppida tenuerunt, Cuas etiam, tandio

1032 1761 2402 245 fuoae deletae a Crotoniatis Pars autem in Cauca

1032 1905 2402 211 relicta perdurasse dicitur uequè ad Aleyxandri tep

1049 2046 2389 180 pora, ad quem Thalestria earum Regina uem

1036 2143 2376 210 pprolis ſus aipiendae causa. Coibant duobus uernis m

1045 2261 2332 224 ſibus cum Gargarensibus propinquise ſlcq gentem

1040 2375 2381 238 uabant. Ex Homero, Strabon, Plutarcho, Stepha

1045 2551 830 145 Isaacio, Varinon

733 2582 2679 268 38 Anbari Galiae populi ſun uel Niuernensers, uel Bituritum

1045 2793 615 140 Ex Marliano

777 2775 2191 294 159 Anbiani Belgae, Amienses ſunt. Ex Munstero

768 2902 2451 251 188 Ambibar eti Galli, Ambiacenses dicuntur. Ex Marliano

790 3034 2490 198 161 Ambilates in Gallia, Dauranches appellantur. Ex esdem

816 3148 2556 185 16 Ambracia Thesprotiae urbs ab Ambraco Thesprota

1067 3267 2384 184 dſicta, Epoyia, et Paralia, ab Augusto post uictum A

1058 3385 2345 181 tonium Nicopolis, Larta est ; et Sinus Ambracia

1018 3504 2394 193 Gulfus Lartae. Ex Suaetonio, Stephano, Isaacio, Sophia

786 3627 2613 211 13 Ameria Vilonmbrorum opp. nongentis ac Spxaginta qua

1071 3746 2389 188 tuor amis ante Persei bellum conditum, ut prodi O

1054 3855 2340 198 t0, Roscij patria, a Stephanio Amerium dictum, a

1054 3961 1493 171 Almelina. Ex illo, Plinio, Blondo

759 4057 2631 229 164 Anuda Meſopotamiae urbs Caramita, uel Caramida

1040 4185 1392 162 utrum quì enim tradidit Iouius

794 4264 2605 215 165 Amineum Campaniae opp. albi uini ferax, uulgi Sanm

1075 4396 2324 184 SSeuerinus. Sed Macrobins urrdit Amineum esse Sale

1664 399 329 229 Lailber
