3681 5350
642 592 2610 188 76 Virdo Rhaetiae fluuius, Vuertha ab incolis diisr, et Berda

611 806 2672 174 779 Viritium Germaniae urbs, Geriesnagen est, uel Gripesuualdum

892 726 2418 156 prope Augustam Lycum influit. Ex Auentino, Beaco Rhenao

646 971 2700 174 78 Viroconium Cornaniorum opp. in Britannia, Virgonia iam

901 900 1544 143 in Pomerania. Ex Altaero, Roberto

664 1163 2668 147 79 Virouiacum Galliae Belgicae opp. Vuermacum est. Ex Meyeco

928 1083 1530 138 ppellatur, uulgoq. Vorcëtter. Ex Iouio

669 1252 2454 130 80 Virunum Germaniae urds, Ludenbergum est. Ex Munsstero

838 1328 2405 125 Virunum in Norico, Vriesach, uel Sadncus. Vitus dicitur in

678 1457 2583 179 81 Vescaha pannonic fluuius, Vischa est in Austria. Ex Lasa

874 1422 1111 133 Caeinthia. Ex Ionio, Lazio

700 1564 2561 152 82 Visontium pelendonum urbs in Hispania, Viseum dicitur,

905 1680 745 103 Ex Volaterrano

843 1680 2485 219 Visontium Sequunorum in Gallia, Besſanson est in Burgundo

963 1836 946 143 omitatu. Ex Munstero

959 1836 2333 201 8sontium in pannonia, Vihicio appellatur in Goatia. Ex E⟩

682 1952 2592 192 83 Vispi Germaniae populi apud Ptolemaeum, a Tacito Vsippi La

709 2077 2512 210 34 Viſtrgus Cermaniae fluuius, Visurix à ptolemao dictus, a

968 2073 441 138 ppellantur

905 2184 2392 196 Strabone Biſurgistae. Vesora, Vesera uì est in Vuestano

914 2287 2392 187 liae, et Sxoniae fmibus, ubi fuere Istauones. Ex Volacer

905 2434 710 120 rano, Cratzo

700 2461 2606 205 85 Vitelianum Mantucmrum opp in Itala, Viadana nuncupatur

923 2599 531 107 Ex Merula

727 2603 2583 219 85 Vichhuugi Germaniae poputi, Valtobergenses ſut in Sexomnia

910 2764 571 120 Ex Altemero

713 2799 2606 174 87 Vits, Italiae fluuius prope Rhauenmam, Roncus est, et Aquadas

901 2915 1539 152 ſa, uel Aquaeductus. Ex leandro, Iouio

731 2987 2485 169 88 Vitodurum Heluetiorum opp. Vuyntertur dicitur. Ex Lazco

745 3085 2552 156 89 Vlizibinrha Apnicae opp. Vlusuburitanum a plinio nuncupatur

736 3192 1972 142 90 Vimi pannoniae opp. Ilessi appellantur. Ex Lapuo

852 3267 1878 143 ilpianum Moesiae opp pyrothij est. Ex eodno

718 3343 2498 156 94Vlyssipo Lusitaniae metropolijs ab Vlysse, ut creditur, condita,

892 3437 2391 165 Stephano Odysseis appellata, a plinio olyss ippo, folicitu

896 3535 2356 138 flii cegnominata, nunc Lisbona. Ex illij, pcolemeo, Marineo

700 3611 2592 142 93 Vmbia Italia ceguo ab Ancona ad Ariminum in Calla gat

905 3722 2352 112 que ab An Gatihai ab Ancona incipt ; uocata ab Vubris, Vucbo

910 3794 2347 133 uel, ut capud Plinium Legendum est, Vmbricis, a Gracis ombr

910 3874 2289 134 dicis, quod tempore apuosae cladis, imbribus Superfuerint

919 3976 2284 134 qui quidem Vubri Callorum antiqui ssina propago fuetr : nunc

914 4043 2360 138 pgio dicitur Murchà Ancomtana. Strcbo autem Vubriam

928 4128 2364 143 potendi ait a Rhauenoa ad Ariminum, inde ad Anconem fet

919 4217 2297 147 ab Arimino per uiam Flaminiam cp. ad Tiberim, cdeo

936 4311 2289 138 Ila prima purs nunc dicitur Romadiola, Seumda Aui

923 4400 2392 165 hai Auotinata, tertia Ducatur Spolici a Spoleto Romia

3163 4502 94 139 ni
