3689 5270
974 575 2482 154 in mediterraneum fluit, Rumon dictus, et a Tyberino Rege in

926 654 2517 197 ipso ſubmeroo Tybris, Tyberis, a Stephano Thymbris, Abas

711 856 2701 184 119 Alcimoenis Germaniae urbs, Vlma est, Vberlingen etium dicta. Ex

952 777 1915 158 et Albe, nunc Teuere. Ex eodem, Plinio, Seruio.

698 1040 2687 194 120 Alcmonia Thessaliae urbs, Minya postea appellata, Mryeum it

974 1023 374 123 Munstero

979 1163 2437 176 inyeisa Minyis pusterio Argonautarcm ∧opui ex lemoo ucces

1005 1247 2398 162 ere Lacedaemonen, inde in Triphyliam circa Arenem. Minyae

961 1343 2446 154 etiam Magnetes uocati, et orchomenij in Boeotia a Miny

979 1440 2433 145 Neptuni filio : ex quibus aliqui Iolcum acceſsere progeniu

996 1559 2385 158 tes Argonautarum, unde ijsos Argonautas Lycophron

983 1660 2398 171 Minyus appellat. Ex Plinro, Stephano, Eustathio, Vrarino

715 1752 2732 211 21 Alectum Britanniae oppiduum Dedonum est in Scetia, et uudgs

992 1875 1050 175 PDonde. Ex polydoro, Iouio

707 1932 2696 224 22 Alemanus Rhaesia fluuius apud Claudiannmum, Alamanu

996 2064 2442 202 ab alijs dictus, poſtea Alinonins, et Alimonia, inde Almae

1018 2182 2416 202 nunc Aleman, et uulgo Alenmul, qui Alemaniae nonme

1001 2305 2393 180 dedit a Rheno ad fluuiuim Lemmanum, qui Limmae

1010 2411 2397 206 est ad Turegnnn oppidum, qui nunc zuriss dicitur, a

1001 2547 2367 210 puo Tigurini inter Heluutios Turichini ipsi. Et a

1027 2692 2407 193 Turego ipsa Alemania nunc appellatur Turgoctia

988 2854 2402 154 Ex Otthone Frisigensi, Marliano, Auentino, Rhellicaeno

707 2942 2736 184 23 Aleſus Germaniae ciuitas parthen nunc dicintur a Mu. Mu

1010 3039 2428 175 a Lazio Ales in Vuestuualia, a Roberto Hanri ſteinm

702 3153 2710 171 124 Aletium Salentinorum oppidum in Italia, Baleſium dict

1032 3298 619 145 tur a Plinio.

746 3368 2688 215 25 Alexandria Ægypi ciutas celibenima ab Alexaudro Ma¬

1027 3530 2398 154 tedone ad eſfigieni chlamydis Macedonicae condita, dci

1014 3631 2393 154 decim M. p. ab ostro Canobico, Longiudine ſtadiorum

1005 3754 2411 154 triginta, laticudine octo, circuitu iio, uel 15 M P. Ne

1005 3864 2420 185 ab Iudaeis dicta, pharus, Leontopolis, Rhacotes, et Rho

1005 4009 2429 158 cotis : a Romaus Iulia, Claudia, Domitiana, Alexynter

1023 4097 2420 176 a Turcis, qui eam tenent, Scanderia, nam Scand

996 4224 2438 180 appellant ipti Alexmdrum. Per excellentiam Ciuita

1014 4325 2420 259 haec appeellabus orbis , aus orcbincau, ſicut Aho

1581 430 311 180 Liber

3267 4523 189 149 dici
