3666 5350
704 610 2422 188 dun: ab Athruscis Botigon, a Venetis Beleecus, a Gallis ip

726 744 2422 152 ſis Padus a picearum arborum copia, quae adhuc etiam

722 847 2457 142 in monte circa eius fontem tantum ſunt, quae arboes

726 945 2418 169 eotum lingua Paech dicuntur : amnes triginta Apenni

722 1052 2475 169 nos, Alpinos q. capiens, lacus etiam immensos Verbanum

718 1181 2345 134 et Benacum exonerans, ſimplex olim ferebatur ue

726 1279 2382 147 nd̀ uocatos Trigabolos, ubi in duos alueos diuiſus

726 1386 2453 134 duobus oſtijs in ſinum Adriaticum erumpebat Pado

735 1493 2386 147 et Volana Postea a Sagis Tuscis in flumina, et

735 1605 2435 160 fossas per transuersum deductus in Atrianoram palu

731 1716 2381 143 des, et aquis aliorum incurrentium fluuiorum auctus

744 1810 2324 196 septem ostijs a Sagis ipsis facuis in mare feribantur

749 1943 2372 188 quae uidentur fuisse ostia Vatreni, Capraſiae, Sagis

744 2068 2431 170 Volanae, Carbonaria, fossiones philistinae, et B Munrulb

731 2180 2386 165 Nunc uero in quinque alueos ab antiquis nostris di

749 2291 2462 161 ductus, quinque ostijs in mare delabitur Primarij, Volb⟩

744 2398 2444 143 nae, Gauri, Albati, et fornacium. Volanae quidem a

740 2505 2457 187 ſtia credimus prima illa antiqua fuisse : Primarij ue

749 2630 2430 196 to facta fuere octingentis quinquaginta abſinc anmis

753 2759 2453 187 felice Archiepiscopo Rhauennate aquas padi incisura

758 2880 2430 182 deducente in anne ferrariolo, et inde Rhauenam usa

762 2978 2422 196 ut aquaruo ui urbem illam tueretur ab⟧ exercitm Iusti

753 3103 2444 178 niani Secundi Caesais Gauri autem, Albati, et forna

762 3214 2400 178 cium ostia ſiul facta fuere quadringentis ab hinc

758 3343 2395 183 annis, Sicario quodam Iadi aggerem incidente ad

749 3473 2439 187 Vicum Ariolum, quod Ficarolum est. Hnic enim ter

762 3588 2444 201 tius padi alueus factus, Rupta Ficaroli, et Rupta Si

771 3722 2417 161 cardi nuncupatus in antiquis Ciuium nostrorum ta

780 3820 2440 174 bulis, Turcorum maximi, quae familia omnium no

776 3941 2430 160 bilissima est in nostra urbe tum antiquitate, et ope

784 4070 2453 165 bus, tum maximè uirorum uinstu⟧, mulierum q. pudicitias

784 4222 2431 142 Sed hic aluens tertius ultra Papotiarum uicum, quio

780 4320 2440 160 a Ficarolo XXX M. p. ditat in duos alibs alueos ſcin

793 4444 2444 188 dictur , quorum alter Corbularum uicum petens in mia

3121 4578 63 112 r
