<?xml version="1.0" encoding="UTF-8"?>
<alto xmlns:xsi="http://www.w3.org/2001/XMLSchema-instance"
      xmlns="http://www.loc.gov/standards/alto/ns-v4#"
      xsi:schemaLocation="http://www.loc.gov/standards/alto/ns-v4# http://www.loc.gov/standards/alto/v4/alto-4-2.xsd">
  <Description>
    <MeasurementUnit>pixel</MeasurementUnit>
    <sourceImageInformation>
      <fileName>Cod_174_f047v.tif</fileName>
      
    </sourceImageInformation>
  </Description>
  
  <Tags>
    <OtherTag ID="BT98" LABEL="MainZone" DESCRIPTION="block type MainZone"/><OtherTag ID="BT99" LABEL="RunningTitleZone" DESCRIPTION="block type RunningTitleZone"/><OtherTag ID="BT100" LABEL="QuireMarksZone:catchwords" DESCRIPTION="block type QuireMarksZone:catchwords"/><OtherTag ID="BT101" LABEL="TitlePageZone" DESCRIPTION="block type TitlePageZone"/><OtherTag ID="BT110" LABEL="MarginTextZone:note" DESCRIPTION="block type MarginTextZone:note"/><OtherTag ID="BT111" LABEL="NumberingZone:page" DESCRIPTION="block type NumberingZone:page"/>
    <OtherTag ID="LT41" LABEL="headingLine" DESCRIPTION="line type headingLine"/><OtherTag ID="LT43" LABEL="InterlinearLine:correction" DESCRIPTION="line type InterlinearLine:correction"/><OtherTag ID="LT85" LABEL="DefaultLine" DESCRIPTION="line type DefaultLine"/>
  </Tags>
  
  <Layout>
    <Page WIDTH="3698"
          HEIGHT="5413"
          PHYSICAL_IMG_NR="129"
          ID="eSc_dummypage_">
      <PrintSpace HPOS="0"
                  VPOS="0"
                  WIDTH="3698"
                  HEIGHT="5413">
        
        <TextBlock HPOS="1011"
                   VPOS="631"
                   WIDTH="2682"
                   HEIGHT="4091"
                   ID="eSc_textblock_95a8882d"
                   TAGREFS="BT98">
          <Shape><Polygon POINTS="1246 4276 1083 4181 1083 3283 1300 3135 1300 2526 1101 2431 1083 1912 1011 1799 1300 1493 1228 1294 1300 739 3016 631 3625 703 3693 4650 3625 4704 2921 4722 1354 4668 1246 4276"/></Shape>
          
          
          <TextLine ID="eSc_line_01620f6e"
                    TAGREFS="LT85"
                    BASELINE="1332 766 3567 775" 
                    HPOS="1313"
                    VPOS="627"
                    WIDTH="2254"
                    HEIGHT="189">
            <Shape><Polygon POINTS="1332 766 1332 627 1557 672 2325 672 2465 645 2560 631 2560 631 2564 631 3120 631 3120 631 3120 631 3124 631 3124 631 3196 658 3210 663 3223 658 3309 631 3314 631 3314 631 3314 631 3318 631 3318 631 3323 631 3323 631 3395 663 3422 672 3562 667 3567 775 3562 811 2117 816 2113 816 2113 816 1986 793 1684 816 1679 816 1679 816 1679 816 1566 793 1517 816 1517 816 1517 816 1512 816 1512 816 1508 816 1508 816 1508 816 1503 816 1503 816 1499 816 1499 816 1471 793 1359 816 1359 816 1359 816 1354 816 1354 816 1350 816 1350 816 1350 816 1345 816 1345 816 1345 811 1313 780"/></Shape>
	    <String CONTENT="undant: cius arbitus est Ccot M. P. ubi Dicna"
                    HPOS="1313"
                    VPOS="627"
                    WIDTH="2254"
                    HEIGHT="189"></String>
          </TextLine>

          
          
          <TextLine ID="eSc_line_dd576209"
                    TAGREFS="LT85"
                    BASELINE="1341 857 3594 870" 
                    HPOS="1327"
                    VPOS="766"
                    WIDTH="2267"
                    HEIGHT="145">
            <Shape><Polygon POINTS="1341 857 1341 780 1702 789 1738 780 1801 766 1806 766 1806 766 1810 766 1810 766 1810 766 1909 784 1946 789 1968 784 2031 766 2036 766 2036 766 2036 766 2040 766 2040 766 2045 766 2045 766 2099 784 2126 793 2149 784 2198 771 2203 771 2203 771 2203 771 2207 771 2456 789 2537 793 2569 789 2695 771 2695 771 2700 771 2700 771 2700 771 2704 771 2704 771 2704 771 2745 793 2749 793 2754 793 2817 771 2822 771 2822 771 2822 771 2826 771 2826 771 2831 771 2831 771 2831 771 2835 771 2867 793 2876 798 2889 793 2948 775 2952 775 2952 775 2952 775 2957 775 3368 798 3395 798 3395 798 3422 775 3422 775 3427 775 3427 775 3427 775 3431 775 3431 775 3431 775 3436 775 3436 775 3589 802 3594 870 3585 911 2627 888 2465 893 2216 906 2212 906 2212 906 2212 906 2122 888 2086 884 1946 888 1440 902 1435 902 1435 902 1431 902 1327 875"/></Shape>
	    <String CONTENT="ricae templum erat, et ſtatua, quae humano hospao"
                    HPOS="1327"
                    VPOS="766"
                    WIDTH="2267"
                    HEIGHT="145"></String>
          </TextLine>

          
          
          <TextLine ID="eSc_line_eb952ca3"
                    TAGREFS="LT85"
                    BASELINE="1345 956 3594 969" 
                    HPOS="1341"
                    VPOS="857"
                    WIDTH="2253"
                    HEIGHT="157">
            <Shape><Polygon POINTS="1345 956 1345 857 1462 879 1878 861 2077 857 2081 857 2081 857 2081 857 2086 857 2086 857 2086 857 2090 857 2104 866 2131 884 2397 870 2632 861 2636 861 3589 893 3594 969 3580 1014 3508 992 3440 1014 3440 1014 3440 1014 3436 1014 3436 1014 3431 1014 3431 1014 3431 1014 3427 1014 3427 1014 3350 992 3327 1010 3327 1014 3327 1014 3323 1014 3323 1014 3323 1014 3323 1014 3318 1014 3318 1014 3314 1014 3314 1014 3314 1014 3309 1014 3305 1014 3228 992 2916 1010 2916 1010 2912 1010 2912 1010 2912 1010 2912 1010 2907 1010 2835 987 1341 1001"/></Shape>
	    <String CONTENT="ſanguine placuibatuu : quam orestes in Graeciam"
                    HPOS="1341"
                    VPOS="857"
                    WIDTH="2253"
                    HEIGHT="157"></String>
          </TextLine>

          
          
          <TextLine ID="eSc_line_ab792b63"
                    TAGREFS="LT85"
                    BASELINE="1345 1078 1982 1060 3603 1073" 
                    HPOS="1336"
                    VPOS="956"
                    WIDTH="2267"
                    HEIGHT="153">
            <Shape><Polygon POINTS="1345 1078 1336 987 1476 956 1476 956 1476 956 1481 956 1481 956 1481 956 1485 956 1575 983 2280 956 2284 956 2284 956 2284 956 2289 956 2289 956 2293 956 2293 956 2293 960 2325 987 2397 960 2397 960 2402 960 2402 960 2406 960 3603 992 3603 1073 3594 1109 2347 1087 2307 1109 2302 1109 2302 1109 2302 1109 2298 1109 2298 1109 2293 1109 2293 1109 2293 1109 2289 1109 2289 1109 2289 1109 2284 1109 2284 1109 2284 1109 2253 1082 2153 1105 2153 1105 2153 1105 2149 1105 1779 1082 1751 1105 1751 1105 1747 1105 1747 1105 1747 1105 1742 1105 1742 1105 1742 1109 1341 1109"/></Shape>
	    <String CONTENT="poauit. Ex Euripide, Luciano, Stephauo, Masthia"
                    HPOS="1336"
                    VPOS="956"
                    WIDTH="2267"
                    HEIGHT="153"></String>
          </TextLine>

          
          
          <TextLine ID="eSc_line_9a4a7e20"
                    TAGREFS="LT85"
                    BASELINE="1350 1177 2307 1145" 
                    HPOS="1341"
                    VPOS="1051"
                    WIDTH="966"
                    HEIGHT="157">
            <Shape><Polygon POINTS="1350 1177 1341 1100 1476 1069 1476 1069 1476 1069 1481 1069 1756 1082 1783 1060 1783 1060 1788 1060 1788 1060 1788 1060 1792 1060 1792 1060 1792 1060 1797 1060 1797 1060 1801 1060 1882 1082 1887 1082 1891 1082 2022 1051 2022 1051 2022 1051 2027 1051 2298 1073 2307 1145 2307 1168 1350 1208"/></Shape>
	    <String CONTENT="Oliuario, Munstero."
                    HPOS="1341"
                    VPOS="1051"
                    WIDTH="966"
                    HEIGHT="157"></String>
          </TextLine>

          
          
          <TextLine ID="eSc_line_8c96c305"
                    TAGREFS="LT85"
                    BASELINE="1291 1272 2587 1244 3585 1258" 
                    HPOS="1273"
                    VPOS="1145"
                    WIDTH="2312"
                    HEIGHT="158">
            <Shape><Polygon POINTS="1291 1272 1273 1181 1332 1159 1332 1159 1336 1159 1336 1159 1341 1159 1341 1159 1345 1159 1426 1181 1453 1186 1467 1181 1503 1163 1503 1163 1503 1163 1508 1163 1508 1163 1512 1163 1512 1163 1517 1163 1517 1163 1562 1177 1580 1186 1598 1177 1643 1159 1643 1159 1648 1159 1648 1159 1648 1159 1652 1159 1652 1159 1652 1159 1747 1177 1788 1186 1828 1177 1918 1154 1923 1154 1923 1154 1928 1154 1928 1154 1932 1154 1932 1154 1932 1154 1982 1177 1982 1177 2000 1177 2280 1154 2284 1154 2284 1154 2284 1154 2289 1154 2289 1154 2293 1154 2293 1154 2320 1177 2320 1177 2325 1177 2411 1150 2415 1150 2415 1150 2420 1150 2420 1150 2664 1172 2700 1177 2709 1172 2740 1150 2745 1150 2745 1150 2745 1150 2749 1150 2749 1150 2749 1150 2966 1145 2971 1145 2971 1145 2975 1145 3065 1172 3070 1172 3576 1172 3585 1258 3585 1281 3106 1290 3101 1290 3101 1290 3101 1290 3097 1290 3088 1290 3025 1267 2903 1290 2867 1294 2867 1294 2867 1294 2862 1294 2862 1294 2831 1290 2722 1272 2677 1290 2668 1294 2668 1294 2664 1294 2664 1294 2664 1294 2659 1294 2659 1294 2627 1294 2429 1272 2176 1299 2140 1299 2140 1299 2135 1299 2135 1299 2131 1299 2131 1299 2131 1299 2126 1299 2126 1299 2126 1299 2099 1276 1860 1276 1801 1299 1801 1299 1797 1299 1797 1299 1797 1299 1797 1299 1291 1303"/></Shape>
	    <String CONTENT="Cherrhonesus Cimbrica, Cebrice a Stephano uocata i"
                    HPOS="1273"
                    VPOS="1145"
                    WIDTH="2312"
                    HEIGHT="158"></String>
          </TextLine>

          
          
          <TextLine ID="eSc_line_d19854c9"
                    TAGREFS="LT85"
                    BASELINE="1345 1357 3594 1344" 
                    HPOS="1336"
                    VPOS="1258"
                    WIDTH="2258"
                    HEIGHT="144">
            <Shape><Polygon POINTS="1345 1357 1336 1290 1512 1263 1512 1263 1517 1263 1855 1281 1896 1281 1928 1281 2113 1258 2117 1258 3585 1258 3594 1344 3585 1389 2849 1366 2813 1393 2813 1393 2808 1393 2808 1393 2808 1393 2803 1393 2803 1393 2799 1393 2799 1393 2591 1371 2519 1393 2515 1393 2515 1393 2515 1393 2510 1393 2510 1393 2505 1393 2505 1393 2505 1393 2501 1393 2465 1371 1562 1398 1557 1398 1557 1398 1553 1398 1553 1398 1553 1398 1503 1375 1345 1402"/></Shape>
	    <String CONTENT="no Germanico, Saxoniae iuncta ader est, ut Steph"
                    HPOS="1336"
                    VPOS="1258"
                    WIDTH="2258"
                    HEIGHT="144"></String>
          </TextLine>

          
          
          <TextLine ID="eSc_line_2bca6d3b"
                    TAGREFS="LT85"
                    BASELINE="1345 1447 3594 1456" 
                    HPOS="1332"
                    VPOS="1357"
                    WIDTH="2262"
                    HEIGHT="149">
            <Shape><Polygon POINTS="1345 1447 1341 1375 1652 1357 1657 1357 1657 1357 1661 1357 1661 1357 1702 1371 1729 1380 1765 1371 1824 1357 1828 1357 1828 1357 1833 1357 2045 1371 2194 1380 2212 1371 2226 1357 2226 1357 2230 1357 2230 1357 2230 1357 2235 1357 2235 1357 2239 1357 2429 1357 2429 1357 2429 1357 2433 1357 2433 1357 2433 1357 2438 1357 2456 1371 2478 1384 2587 1366 2641 1362 2641 1362 2645 1362 2645 1362 2645 1362 2650 1362 2650 1362 2668 1366 2713 1384 2772 1366 2794 1362 2799 1362 2799 1362 2799 1362 2803 1362 2885 1366 3079 1384 3147 1366 3165 1362 3169 1362 3169 1362 3169 1362 3174 1362 3174 1362 3214 1366 3336 1384 3390 1366 3404 1362 3409 1362 3409 1362 3409 1362 3413 1362 3413 1362 3445 1366 3553 1384 3576 1366 3594 1456 3585 1493 3034 1479 3016 1488 2989 1506 2984 1506 2984 1506 2984 1506 2980 1506 2980 1506 2975 1506 2975 1506 2975 1506 2971 1506 2903 1488 2871 1479 2772 1484 2478 1506 2474 1506 2474 1506 2474 1506 2307 1479 2271 1475 2257 1479 2207 1502 2207 1502 2203 1502 2203 1502 2203 1502 2198 1502 2198 1502 2054 1479 1964 1502 1959 1502 1959 1502 1959 1506 1467 1506 1462 1502 1462 1502 1458 1502 1332 1466"/></Shape>
	    <String CONTENT="nus Saxonas appellat populos, qui incolunt danc e"
                    HPOS="1332"
                    VPOS="1357"
                    WIDTH="2262"
                    HEIGHT="149"></String>
          </TextLine>

          
          
          <TextLine ID="eSc_line_7840cda4"
                    TAGREFS="LT85"
                    BASELINE="1350 1556 3607 1556" 
                    HPOS="1345"
                    VPOS="1470"
                    WIDTH="2271"
                    HEIGHT="131">
            <Shape><Polygon POINTS="1350 1556 1350 1470 1521 1497 1774 1497 1792 1475 1797 1475 1797 1470 1797 1470 1801 1470 1801 1470 1801 1470 1806 1470 1806 1470 1810 1470 1986 1470 1986 1470 1986 1470 1991 1470 1991 1470 1991 1470 1995 1470 1995 1470 1995 1475 2000 1479 2018 1493 2099 1479 2158 1470 2158 1470 2158 1470 2162 1470 2162 1470 2230 1479 2311 1493 2384 1484 2460 1470 2460 1470 2465 1470 3526 1493 3562 1470 3567 1470 3567 1470 3567 1470 3571 1470 3571 1470 3576 1470 3576 1470 3576 1470 3580 1470 3580 1470 3580 1470 3585 1470 3585 1470 3616 1497 3607 1556 3594 1601 3567 1578 2722 1592 1914 1601 1909 1601 1909 1601 1905 1601 1905 1601 1905 1601 1869 1583 1860 1578 1842 1583 1751 1601 1751 1601 1751 1601 1747 1601 1345 1574"/></Shape>
	    <String CONTENT="rhonesum, Iutia etiam appellata, et Dania a De"
                    HPOS="1345"
                    VPOS="1470"
                    WIDTH="2271"
                    HEIGHT="131"></String>
          </TextLine>

          
          
          <TextLine ID="eSc_line_f3b4e2ff"
                    TAGREFS="LT85"
                    BASELINE="1345 1646 3603 1664" 
                    HPOS="1336"
                    VPOS="1551"
                    WIDTH="2267"
                    HEIGHT="149">
            <Shape><Polygon POINTS="1345 1646 1345 1565 2095 1578 2113 1569 2135 1551 2140 1551 2140 1551 2140 1551 2144 1551 2144 1551 2144 1551 2149 1551 2149 1551 2153 1551 2235 1569 2266 1578 2284 1574 2329 1551 2329 1551 2334 1551 2334 1551 2334 1551 2338 1551 2338 1551 2338 1551 2343 1551 2343 1551 2347 1551 2384 1574 2388 1578 2393 1574 2420 1551 2420 1551 2424 1551 2424 1551 2424 1551 2429 1551 2429 1551 2433 1551 2433 1551 2433 1551 2438 1551 2438 1551 2438 1551 2442 1551 2442 1551 2469 1574 2483 1587 2731 1587 2754 1578 2817 1556 2822 1556 2822 1556 2822 1556 2826 1556 2826 1556 2831 1556 2831 1556 2831 1556 2835 1556 2835 1556 2835 1560 2858 1578 2862 1587 2948 1587 2966 1578 3029 1556 3034 1556 3034 1556 3034 1556 3038 1556 3598 1587 3603 1664 3594 1700 1336 1682"/></Shape>
	    <String CONTENT="Regr, nunc DammarchaNx Stephano ipso, Saxones"
                    HPOS="1336"
                    VPOS="1551"
                    WIDTH="2267"
                    HEIGHT="149"></String>
          </TextLine>

          
          
          <TextLine ID="eSc_line_7b8e2f97"
                    TAGREFS="LT85"
                    BASELINE="1354 1741 2582 1750" 
                    HPOS="1345"
                    VPOS="1655"
                    WIDTH="1237"
                    HEIGHT="140">
            <Shape><Polygon POINTS="1354 1741 1350 1669 1891 1655 1896 1655 1896 1655 1896 1655 1900 1655 1964 1678 1991 1682 2040 1678 2167 1659 2167 1659 2171 1659 2171 1659 2316 1682 2334 1682 2334 1682 2365 1659 2370 1659 2370 1659 2370 1659 2375 1659 2375 1659 2379 1659 2379 1659 2578 1687 2582 1750 2578 1772 2045 1795 2040 1795 1345 1763"/></Shape>
	    <String CONTENT="no, crantſio, Volaterrano"
                    HPOS="1345"
                    VPOS="1655"
                    WIDTH="1237"
                    HEIGHT="140"></String>
          </TextLine>

          
          
          <TextLine ID="eSc_line_59782824"
                    TAGREFS="LT85"
                    BASELINE="1182 1831 2966 1826 3594 1849" 
                    HPOS="1169"
                    VPOS="1718"
                    WIDTH="2425"
                    HEIGHT="181">
            <Shape><Polygon POINTS="1182 1831 1169 1763 1250 1718 1250 1718 1250 1718 1255 1718 1255 1718 1259 1718 1363 1718 1363 1718 1363 1718 1368 1718 1368 1718 1368 1718 1372 1718 1372 1718 1372 1723 1417 1759 1417 1763 1476 1763 1476 1759 1508 1732 1508 1727 1508 1727 1512 1727 1512 1727 1512 1727 1517 1727 1517 1727 1521 1727 1521 1727 1521 1727 1526 1727 1526 1727 1526 1727 1530 1727 1530 1727 1530 1732 1557 1759 1562 1763 2465 1763 2501 1745 2569 1718 2569 1718 2573 1718 2573 1718 2578 1718 2853 1718 2853 1718 2853 1718 2858 1718 2858 1718 2858 1718 2862 1718 2862 1718 2885 1741 2912 1759 3056 1736 3101 1732 3101 1732 3106 1732 3106 1732 3106 1732 3138 1736 3228 1754 3250 1736 3269 1723 3269 1718 3269 1718 3273 1718 3273 1718 3278 1718 3278 1718 3278 1718 3282 1718 3594 1732 3594 1849 3589 1885 3390 1894 3386 1894 3386 1894 3386 1894 3381 1894 3381 1894 3377 1894 3377 1894 3377 1894 3372 1890 3345 1867 3264 1890 3237 1894 3232 1894 3232 1894 3228 1894 3228 1894 3228 1894 3223 1894 3223 1894 3223 1894 3219 1894 3214 1890 3187 1871 3169 1890 3165 1890 3165 1894 3165 1894 3160 1894 3160 1894 3160 1894 3156 1894 3156 1894 3156 1899 3016 1899 3011 1894 3011 1894 3007 1894 3007 1894 3007 1894 3002 1894 3002 1894 3002 1890 2998 1890 2966 1858 2903 1858 2794 1890 2794 1890 2790 1890 2790 1890 2790 1890 2785 1890 2785 1890 2781 1890 2781 1890 2781 1890 2781 1890 2776 1890 2776 1890 2776 1885 2745 1858 2654 1858 2609 1890 2609 1894 2609 1894 2605 1894 2605 1894 2605 1894 2600 1894 2600 1894 2600 1899 2275 1899 2271 1894 2271 1894 2266 1894 2266 1894 2266 1894 2262 1894 2262 1894 2262 1894 2262 1890 2226 1858 1837 1858 1779 1894 1774 1894 1774 1894 1774 1894 1774 1894 1769 1894 1769 1894 1769 1899 1178 1899"/></Shape>
	    <String CONTENT="Chertobalus Pannoniae ciuitus, Cherelburg, et cherfuil"
                    HPOS="1169"
                    VPOS="1718"
                    WIDTH="2425"
                    HEIGHT="181"></String>
          </TextLine>

          
          
          <TextLine ID="eSc_line_a617f5af"
                    TAGREFS="LT85"
                    BASELINE="1345 1921 3589 1935" 
                    HPOS="1336"
                    VPOS="1831"
                    WIDTH="2253"
                    HEIGHT="149">
            <Shape><Polygon POINTS="1345 1921 1345 1853 1751 1862 1779 1849 1806 1831 1810 1831 1810 1831 1815 1831 1815 1831 1815 1831 1819 1831 1819 1831 1964 1849 2058 1862 2081 1849 2099 1835 2104 1835 2104 1835 2104 1835 2108 1835 2108 1835 2113 1835 2248 1835 2248 1835 2248 1835 2253 1835 2253 1835 2253 1835 2257 1835 2257 1835 2271 1849 2289 1867 2582 1867 2609 1849 2623 1835 2623 1835 2627 1835 2627 1835 2627 1835 2632 1835 2632 1835 2636 1835 2767 1835 2767 1835 2907 1849 3138 1871 3165 1849 3169 1844 3169 1840 3169 1840 3174 1840 3174 1840 3174 1840 3178 1840 3178 1840 3183 1840 3183 1840 3183 1840 3223 1849 3309 1867 3345 1849 3354 1840 3359 1840 3359 1840 3363 1840 3363 1840 3363 1840 3368 1840 3368 1840 3368 1840 3372 1840 3395 1849 3463 1871 3490 1849 3494 1844 3494 1840 3494 1840 3499 1840 3499 1840 3499 1840 3503 1840 3503 1840 3508 1840 3508 1840 3585 1849 3589 1935 3585 1957 2862 1980 2858 1980 2858 1980 2853 1980 2853 1980 2853 1980 2849 1980 2849 1980 2849 1975 2844 1975 2831 1957 2822 1948 2785 1957 2700 1975 2700 1975 2700 1975 2695 1975 2695 1975 2695 1975 2691 1975 2691 1975 2645 1957 2623 1948 2505 1957 2212 1975 2207 1975 2207 1975 2203 1975 2117 1953 2090 1948 2063 1953 2009 1966 2004 1966 2004 1966 2000 1966 2000 1966 2000 1966 1995 1966 1995 1966 1995 1966 1991 1966 1991 1966 1991 1962 1977 1953 1968 1944 1900 1953 1769 1971 1769 1971 1765 1971 1336 1948"/></Shape>
	    <String CONTENT="burg appellantur, ab Antonino Cherolata. Ex Lazio"
                    HPOS="1336"
                    VPOS="1831"
                    WIDTH="2253"
                    HEIGHT="149"></String>
          </TextLine>

          
          
          <TextLine ID="eSc_line_dca422cc"
                    TAGREFS="LT85"
                    BASELINE="1101 2011 2433 2007 3603 2029" 
                    HPOS="1092"
                    VPOS="1908"
                    WIDTH="2511"
                    HEIGHT="162">
            <Shape><Polygon POINTS="1101 2011 1101 1908 1178 1935 1205 1908 1205 1908 1210 1908 1210 1908 1210 1908 1210 1908 1214 1908 1214 1908 1219 1908 1499 1908 1553 1912 1553 1912 1553 1912 1557 1912 1557 1912 1557 1912 1562 1912 1562 1912 1562 1917 1589 1944 1824 1944 1851 1917 1851 1912 1851 1912 1855 1912 1855 1912 1855 1912 1855 1912 1860 1912 1860 1912 1864 1912 2167 1912 2167 1912 2167 1912 2171 1912 2171 1912 2171 1912 2176 1912 2176 1912 2176 1912 2216 1944 2356 1917 2361 1917 2361 1917 2365 1917 2636 1917 2636 1917 2636 1917 2641 1917 2641 1917 2641 1917 2645 1917 2645 1917 2645 1917 2645 1921 2673 1944 2817 1917 2835 1917 2835 1917 2840 1917 2840 1917 2840 1917 2844 1917 2844 1917 2844 1917 2849 1917 2907 1948 3598 1926 3603 2029 3598 2070 2921 2070 2916 2065 2916 2065 2912 2065 2912 2065 2889 2056 2844 2038 2496 2038 2478 2047 2465 2061 2465 2061 2460 2061 2460 2061 2460 2061 2456 2061 2456 2061 2451 2061 2451 2061 2451 2061 2388 2047 2343 2038 2311 2047 2271 2061 2266 2061 2266 2061 2266 2061 2262 2061 2262 2061 2149 2043 2072 2034 1900 2038 1517 2056 1512 2056 1092 2025"/></Shape>
	    <String CONTENT="178 Cheradci Germaniae populi, uulgo kren chgauienses Ea"
                    HPOS="1092"
                    VPOS="1908"
                    WIDTH="2511"
                    HEIGHT="162"></String>
          </TextLine>

          
          
          <TextLine ID="eSc_line_39033fc0"
                    TAGREFS="LT85"
                    BASELINE="1115 2097 2081 2088 3603 2111" 
                    HPOS="1106"
                    VPOS="2002"
                    WIDTH="2497"
                    HEIGHT="158">
            <Shape><Polygon POINTS="1115 2097 1106 2020 1751 2002 1756 2002 1756 2002 1760 2002 1760 2002 1760 2002 1765 2002 1765 2002 1792 2025 1797 2025 1824 2025 2081 2007 2086 2007 2086 2007 2086 2007 2090 2007 2158 2029 2167 2029 2171 2029 2221 2007 2221 2007 2226 2007 2226 2007 2226 2007 2230 2007 2230 2007 2235 2007 2235 2007 2235 2007 2280 2029 2280 2029 2284 2029 2325 2007 2325 2007 2325 2007 2329 2007 2329 2007 2329 2007 2334 2007 2334 2007 2338 2007 2338 2007 2402 2029 2424 2007 2424 2007 2429 2007 2429 2007 2429 2007 2433 2007 2433 2007 2433 2007 2438 2007 2438 2007 2442 2007 2442 2007 2442 2007 2447 2007 2447 2007 2447 2011 2451 2011 2465 2029 2465 2029 2478 2029 2898 2011 2903 2011 2903 2011 2903 2011 2907 2011 2907 2011 2907 2011 2912 2011 2912 2011 2912 2016 2934 2034 2934 2038 3598 2043 3603 2111 3594 2160 3115 2138 3056 2160 3052 2160 3052 2160 3047 2160 3047 2160 3043 2160 3043 2160 3043 2160 3038 2160 3029 2160 2930 2129 2573 2156 2537 2156 2533 2156 2533 2156 2533 2156 2528 2156 2519 2156 2411 2124 2131 2147 2131 2147 2126 2147 2126 2147 2122 2147 2036 2124 2004 2151 2004 2151 2004 2151 2004 2151 2000 2151 2000 2151 1995 2151 1995 2151 1995 2151 1991 2151 1991 2151 1991 2151 1986 2151 1986 2151 1982 2151 1982 2151 1982 2151 1982 2151 1950 2124 1792 2147 1792 2147 1788 2147 1788 2147 1788 2147 1783 2147 1783 2147 1783 2147 1779 2147 1779 2147 1779 2142 1751 2120 1643 2147 1643 2147 1639 2147 1639 2147 1634 2147 1106 2142"/></Shape>
	    <String CONTENT="179 Cheueoza ager prope Danubium, ubi Hun⟧ cum eMntiu"
                    HPOS="1106"
                    VPOS="2002"
                    WIDTH="2497"
                    HEIGHT="158"></String>
          </TextLine>

          
          
          <TextLine ID="eSc_line_9a0274d9"
                    TAGREFS="LT85"
                    BASELINE="1322 2192 2912 2187 3576 2205" 
                    HPOS="1309"
                    VPOS="2097"
                    WIDTH="2267"
                    HEIGHT="149">
            <Shape><Polygon POINTS="1322 2192 1313 2124 1503 2097 1503 2097 1508 2097 1508 2097 1508 2097 1630 2120 1675 2097 1675 2097 1675 2097 1679 2097 1679 2097 1679 2097 1684 2097 1684 2097 1688 2097 1688 2097 1688 2097 1693 2097 1729 2124 1738 2129 2108 2129 2135 2124 2429 2097 2433 2097 2433 2097 2433 2097 2564 2124 2573 2124 2596 2124 2998 2097 3002 2097 3002 2097 3002 2097 3007 2097 3007 2097 3074 2124 3101 2097 3101 2097 3106 2097 3106 2097 3106 2097 3111 2097 3111 2097 3115 2097 3278 2097 3278 2097 3278 2097 3282 2097 3282 2097 3282 2097 3287 2097 3287 2097 3287 2102 3314 2124 3314 2129 3571 2129 3576 2205 3571 2246 3381 2246 3377 2241 3377 2241 3372 2241 3372 2241 3372 2241 3368 2241 3368 2241 3327 2214 3187 2214 3160 2237 3160 2237 3160 2241 3160 2241 3156 2241 3156 2241 3156 2241 3151 2241 3151 2241 3147 2241 2939 2232 2537 2219 2515 2228 2496 2241 2492 2241 2492 2241 2487 2241 2487 2241 2487 2241 2483 2241 2483 2241 2483 2241 2478 2241 2478 2241 2478 2241 2474 2241 2456 2228 2433 2214 2239 2214 2176 2223 2058 2241 2058 2241 2054 2241 2054 2241 2054 2241 2049 2241 1986 2219 1968 2214 1959 2219 1923 2241 1918 2241 1918 2241 1914 2241 1914 2241 1914 2246 1742 2246 1738 2241 1738 2241 1733 2241 1733 2241 1670 2214 1666 2214 1666 2214 1630 2241 1625 2241 1625 2241 1625 2241 1620 2241 1620 2241 1616 2241 1616 2241 1616 2241 1611 2241 1526 2214 1521 2214 1517 2214 1390 2241 1390 2241 1390 2241 1386 2241 1386 2241 1386 2241 1381 2241 1381 2241 1309 2210"/></Shape>
	    <String CONTENT="Romanis pugnarune, cheazus est. Ex Milhnet. Ritro"
                    HPOS="1309"
                    VPOS="2097"
                    WIDTH="2267"
                    HEIGHT="149"></String>
          </TextLine>

          
          
          <TextLine ID="eSc_line_a8fc0192"
                    TAGREFS="LT85"
                    BASELINE="1146 2273 3603 2286" 
                    HPOS="1142"
                    VPOS="2192"
                    WIDTH="2461"
                    HEIGHT="122">
            <Shape><Polygon POINTS="1146 2273 1146 2192 3598 2219 3603 2286 3598 2305 1142 2314"/></Shape>
	    <String CONTENT="1805 himo uicus in Marmarica, Cynessema, uel Cacobaei"
                    HPOS="1142"
                    VPOS="2192"
                    WIDTH="2461"
                    HEIGHT="122"></String>
          </TextLine>

          
          
          <TextLine ID="eSc_line_0eacc31b"
                    TAGREFS="LT85"
                    BASELINE="1372 2341 3332 2354" 
                    HPOS="1363"
                    VPOS="2282"
                    WIDTH="1969"
                    HEIGHT="126">
            <Shape><Polygon POINTS="1372 2341 1372 2282 3327 2296 3332 2354 3327 2381 3034 2404 3029 2404 3029 2404 3029 2404 3025 2404 3025 2404 3025 2404 2980 2381 2975 2377 2971 2381 2939 2404 2934 2404 2934 2404 2934 2404 2930 2404 2930 2404 2930 2408 2745 2408 2740 2404 2740 2404 2736 2404 2736 2404 2736 2404 2731 2404 2695 2377 2691 2377 2632 2377 2095 2395 2090 2395 2090 2395 2086 2395 2086 2395 2027 2372 2004 2390 2004 2395 2004 2395 2000 2395 2000 2395 2000 2395 1995 2395 1995 2395 1995 2399 1602 2399 1598 2395 1363 2363"/></Shape>
	    <String CONTENT="nuncupartur. Ex Castaldo Munst. Castarbdo."
                    HPOS="1363"
                    VPOS="2282"
                    WIDTH="1969"
                    HEIGHT="126"></String>
          </TextLine>

          
          
          <TextLine ID="eSc_line_08f79ec2"
                    TAGREFS="LT85"
                    BASELINE="1146 2408 3603 2431" 
                    HPOS="1137"
                    VPOS="2332"
                    WIDTH="2466"
                    HEIGHT="157">
            <Shape><Polygon POINTS="1146 2408 1146 2341 1851 2354 1887 2341 1909 2332 1909 2332 1914 2332 1914 2332 1918 2332 1918 2332 2036 2341 2226 2359 2447 2345 2564 2336 2569 2336 2569 2336 2569 2336 2623 2345 2740 2363 2921 2345 2980 2341 2984 2341 2984 2341 3038 2345 3241 2368 3594 2350 3603 2431 3598 2449 3115 2489 3111 2489 3111 2489 3111 2489 3106 2489 2962 2449 2943 2449 2903 2449 2677 2471 2673 2471 2673 2471 2673 2471 2564 2449 2524 2444 2483 2449 2320 2480 2320 2480 2320 2485 2131 2485 2126 2480 2126 2480 2122 2480 2009 2449 1964 2440 1932 2449 1869 2476 1869 2476 1864 2476 1864 2476 1860 2476 1860 2476 1860 2476 1855 2476 1855 2476 1855 2476 1806 2449 1792 2444 1747 2449 1670 2462 1670 2462 1666 2462 1666 2462 1666 2462 1661 2462 1661 2462 1661 2462 1657 2462 1657 2462 1648 2449 1625 2435 1490 2449 1309 2471 1309 2471 1304 2471 1304 2471 1137 2449"/></Shape>
	    <String CONTENT="18 Chius in Icario mari Insula Ionum clarisgima inter"
                    HPOS="1137"
                    VPOS="2332"
                    WIDTH="2466"
                    HEIGHT="157"></String>
          </TextLine>

          
          
          <TextLine ID="eSc_line_670ac587"
                    TAGREFS="LT85"
                    BASELINE="1345 2494 2930 2526 3603 2512" 
                    HPOS="1336"
                    VPOS="2408"
                    WIDTH="2267"
                    HEIGHT="163">
            <Shape><Polygon POINTS="1345 2494 1345 2426 1887 2431 1896 2431 1928 2408 1932 2408 1932 2408 1937 2408 1937 2408 1937 2408 1941 2408 1941 2408 1946 2408 2031 2431 2040 2431 2054 2431 2212 2413 2212 2413 2216 2413 2216 2413 2221 2413 2221 2413 2221 2413 2226 2413 2226 2413 2226 2417 2244 2435 2248 2435 2293 2435 2542 2417 2546 2417 2546 2417 2546 2417 2551 2417 2551 2417 2555 2417 2587 2435 2591 2440 2664 2435 2939 2422 2943 2422 2943 2422 2943 2422 2948 2422 2948 2422 2952 2422 2952 2422 2952 2426 2957 2426 2966 2440 2975 2449 3589 2449 3603 2512 3598 2548 3332 2571 3327 2571 3327 2571 3327 2571 3196 2548 3002 2566 2998 2566 1336 2521"/></Shape>
	    <String CONTENT="mum, et Lesbum, a Thione Nympha dicta, uel"
                    HPOS="1336"
                    VPOS="2408"
                    WIDTH="2267"
                    HEIGHT="163"></String>
          </TextLine>

          
          
          <TextLine ID="eSc_line_d2bfc63f"
                    TAGREFS="LT85"
                    BASELINE="1350 2598 3612 2616" 
                    HPOS="1341"
                    VPOS="2499"
                    WIDTH="2271"
                    HEIGHT="166">
            <Shape><Polygon POINTS="1350 2598 1350 2499 1593 2526 1846 2508 1914 2503 1918 2503 1918 2503 1918 2503 1923 2503 1923 2503 1923 2503 1928 2503 1928 2503 1928 2508 1932 2508 1955 2530 2167 2512 2253 2508 2257 2508 2257 2508 2257 2508 2262 2508 2262 2508 2262 2508 2266 2508 2266 2508 2271 2517 2293 2530 2533 2521 2740 2512 2745 2512 2745 2512 2749 2512 2749 2512 2749 2512 2754 2512 2772 2526 2785 2535 2862 2526 2962 2517 2962 2517 2966 2517 2966 2517 3088 2530 3156 2539 3169 2535 3187 2517 3187 2517 3192 2517 3192 2517 3196 2517 3196 2517 3196 2517 3201 2517 3201 2517 3350 2535 3377 2539 3390 2539 3476 2517 3481 2517 3481 2517 3485 2517 3485 2517 3485 2517 3612 2544 3612 2616 3603 2661 3043 2638 3011 2661 3011 2661 3011 2661 3007 2661 3007 2661 3007 2661 3002 2661 3002 2661 3002 2665 2501 2665 2496 2661 2496 2661 2492 2661 2492 2661 2492 2661 2487 2661 2483 2656 2447 2634 2054 2652 1968 2656 1964 2656 1964 2656 1964 2656 1959 2656 1959 2656 1955 2656 1950 2652 1909 2629 1833 2652 1833 2652 1828 2652 1828 2652 1824 2652 1341 2647"/></Shape>
	    <String CONTENT="Chio oceani filio : a Metrodoro, et Clecbtiloc"
                    HPOS="1341"
                    VPOS="2499"
                    WIDTH="2271"
                    HEIGHT="166"></String>
          </TextLine>

          
          
          <TextLine ID="eSc_line_1144d107"
                    TAGREFS="LT85"
                    BASELINE="1345 2706 3616 2720" 
                    HPOS="1336"
                    VPOS="2620"
                    WIDTH="2280"
                    HEIGHT="149">
            <Shape><Polygon POINTS="1345 2706 1345 2620 3616 2638 3616 2720 3607 2769 1336 2756"/></Shape>
	    <String CONTENT="nuncupata, ab Ephoro Ethallia, ab alijs Pityn"
                    HPOS="1336"
                    VPOS="2620"
                    WIDTH="2280"
                    HEIGHT="149"></String>
          </TextLine>

          
          
          <TextLine ID="eSc_line_2919005a"
                    TAGREFS="LT85"
                    BASELINE="1350 2823 3603 2814" 
                    HPOS="1345"
                    VPOS="2742"
                    WIDTH="2258"
                    HEIGHT="126">
            <Shape><Polygon POINTS="1350 2823 1345 2742 3594 2747 3603 2814 3598 2841 1350 2868"/></Shape>
	    <String CONTENT="et Macris, nunc Sio ambitu CXXXtr M. P."
                    HPOS="1345"
                    VPOS="2742"
                    WIDTH="2258"
                    HEIGHT="126"></String>
          </TextLine>

          
          
          <TextLine ID="eSc_line_db374e9b"
                    TAGREFS="LT85"
                    BASELINE="1350 2923 3616 2913" 
                    HPOS="1341"
                    VPOS="2828"
                    WIDTH="2275"
                    HEIGHT="144">
            <Shape><Polygon POINTS="1350 2923 1341 2855 2027 2832 2031 2832 2031 2832 2194 2855 2221 2855 2248 2855 2370 2832 2370 2832 2375 2832 2375 2832 2375 2832 2379 2832 2379 2832 2433 2855 2442 2855 2478 2855 2700 2828 2700 2828 2704 2828 2704 2828 2704 2828 2817 2855 3607 2855 3616 2913 3612 2959 1350 2972"/></Shape>
	    <String CONTENT="cM Stadijs, ut Strabo ut, posita contra promo"
                    HPOS="1341"
                    VPOS="2828"
                    WIDTH="2275"
                    HEIGHT="144"></String>
          </TextLine>

          
          
          <TextLine ID="eSc_line_5e489acd"
                    TAGREFS="LT85"
                    BASELINE="1345 3031 3616 3031" 
                    HPOS="1341"
                    VPOS="2945"
                    WIDTH="2275"
                    HEIGHT="153">
            <Shape><Polygon POINTS="1345 3031 1341 2963 1900 2945 1905 2945 1905 2945 1909 2945 1909 2945 1941 2954 1973 2968 2004 2954 2036 2945 2036 2945 2040 2945 2040 2945 2045 2945 2045 2945 2045 2945 2049 2945 2049 2945 2054 2945 2067 2954 2095 2972 2361 2972 2411 2954 2438 2945 2442 2945 2442 2945 2442 2945 2447 2945 2447 2945 2451 2945 2451 2945 2451 2945 2456 2945 2456 2945 2465 2954 2487 2968 2835 2950 2871 2950 2876 2950 2894 2950 3142 2968 3210 2945 3219 2945 3223 2945 3223 2945 3223 2945 3228 2945 3228 2945 3232 2945 3232 2945 3232 2945 3237 2945 3237 2945 3237 2945 3237 2950 3260 2972 3526 2972 3607 2945 3616 3031 3616 3071 3359 3071 3354 3071 3336 3089 3336 3094 3336 3094 3332 3094 3332 3094 3332 3094 3327 3094 3327 3094 3327 3094 3323 3094 3016 3076 2916 3071 2907 3076 2894 3089 2894 3094 2894 3094 2889 3094 2889 3094 2889 3094 2885 3094 2885 3094 2885 3098 2682 3098 2677 3094 2677 3094 2673 3094 2632 3080 2600 3071 2483 3080 2361 3094 2361 3094 2356 3094 2356 3094 2356 3094 2352 3094 2352 3094 2329 3085 2302 3071 2284 3085 2275 3094 2275 3094 2271 3094 2271 3094 2271 3094 2266 3094 2266 3094 2262 3094 2262 3094 2262 3094 2257 3094 2257 3094 2235 3085 2198 3071 2090 3089 2036 3094 2036 3094 2031 3094 2031 3094 2031 3094 2027 3094 2027 3094 2027 3094 2022 3094 2022 3094 2022 3089 2018 3089 2004 3076 1991 3089 1986 3094 1986 3094 1982 3094 1982 3094 1982 3094 1977 3094 1977 3094 1977 3098 1611 3098 1607 3094 1607 3094 1602 3094 1602 3094 1602 3094 1598 3094 1598 3094 1598 3094 1598 3089 1575 3071 1345 3094"/></Shape>
	    <String CONTENT="rium Æotidis Caput album uocatum, olim uero,"
                    HPOS="1341"
                    VPOS="2945"
                    WIDTH="2275"
                    HEIGHT="153"></String>
          </TextLine>

          
          
          <TextLine ID="eSc_line_79e5f0ef"
                    TAGREFS="LT85"
                    BASELINE="1354 3144 3612 3157" 
                    HPOS="1345"
                    VPOS="3058"
                    WIDTH="2267"
                    HEIGHT="153">
            <Shape><Polygon POINTS="1354 3144 1350 3062 3603 3058 3612 3157 3607 3184 3074 3211 3070 3211 3070 3211 2867 3184 2831 3184 2767 3184 2438 3207 2433 3207 2433 3207 2171 3184 2067 3180 2013 3184 1900 3202 1900 3202 1896 3202 1345 3184"/></Shape>
	    <String CONTENT="gennum. Ex Strabone, Plinio, Slephano, a Bordono,"
                    HPOS="1345"
                    VPOS="3058"
                    WIDTH="2267"
                    HEIGHT="153"></String>
          </TextLine>

          
          
          <TextLine ID="eSc_line_1ba7ddf6"
                    TAGREFS="LT85"
                    BASELINE="1137 3301 1494 3265 2104 3265" 
                    HPOS="1128"
                    VPOS="3184"
                    WIDTH="976"
                    HEIGHT="154">
            <Shape><Polygon POINTS="1137 3301 1128 3184 2099 3184 2104 3265 2099 3306 1918 3292 1846 3306 1769 3324 1769 3324 1769 3324 1765 3324 1765 3324 1765 3324 1679 3306 1630 3297 1616 3306 1598 3324 1598 3328 1598 3328 1593 3328 1593 3328 1593 3328 1589 3328 1589 3328 1589 3333 1508 3333 1503 3328 1503 3328 1499 3328 1499 3328 1499 3328 1458 3306 1435 3297 1313 3297 1282 3306 1201 3338 1201 3338 1196 3338 1196 3338 1192 3338 1192 3338 1192 3338 1187 3338 1187 3338 1187 3338 1128 3306"/></Shape>
	    <String CONTENT="1aek arip, Sophiano."
                    HPOS="1128"
                    VPOS="3184"
                    WIDTH="976"
                    HEIGHT="154"></String>
          </TextLine>

          
          
          <TextLine ID="eSc_line_62411260"
                    TAGREFS="LT85"
                    BASELINE="2636 3256 2745 3256" 
                    HPOS="2627"
                    VPOS="3157"
                    WIDTH="118"
                    HEIGHT="131">
            <Shape><Polygon POINTS="2636 3256 2627 3189 2736 3157 2745 3256 2740 3288 2632 3283"/></Shape>
	    <String CONTENT="i"
                    HPOS="2627"
                    VPOS="3157"
                    WIDTH="118"
                    HEIGHT="131"></String>
          </TextLine>

          
          
          <TextLine ID="eSc_line_5e08580d"
                    TAGREFS="LT85"
                    BASELINE="1598 3356 3598 3347" 
                    HPOS="1589"
                    VPOS="3252"
                    WIDTH="2009"
                    HEIGHT="149">
            <Shape><Polygon POINTS="1598 3356 1589 3292 1788 3256 1788 3256 1792 3256 1792 3256 1792 3256 1964 3288 2113 3288 2456 3288 2460 3283 2515 3256 2515 3256 2519 3256 2519 3256 2519 3256 2524 3256 2524 3256 2673 3279 2700 3256 2700 3252 2700 3252 2704 3252 2704 3252 2704 3252 2709 3252 2709 3252 2709 3252 2713 3252 2713 3252 2885 3279 2903 3279 2925 3279 3133 3256 3133 3256 3138 3256 3138 3256 3138 3256 3142 3256 3142 3256 3187 3274 3192 3279 3196 3274 3223 3252 3223 3252 3228 3252 3228 3252 3232 3252 3232 3252 3232 3252 3237 3252 3589 3274 3598 3347 3594 3401 1598 3401"/></Shape>
	    <String CONTENT="pciae urbs, Teschos etiam dicta, postea Gagae. Ex"
                    HPOS="1589"
                    VPOS="3252"
                    WIDTH="2009"
                    HEIGHT="149"></String>
          </TextLine>

          
          
          <TextLine ID="eSc_line_93a2948d"
                    TAGREFS="LT85"
                    BASELINE="1146 3410 1584 3428" 
                    HPOS="1133"
                    VPOS="3315"
                    WIDTH="451"
                    HEIGHT="180">
            <Shape><Polygon POINTS="1146 3410 1151 3315 1264 3351 1431 3333 1431 3333 1435 3333 1435 3333 1440 3333 1530 3360 1571 3333 1584 3428 1571 3495 1471 3464 1444 3482 1426 3495 1422 3495 1422 3495 1422 3495 1417 3495 1417 3495 1413 3495 1255 3491 1255 3491 1250 3491 1250 3491 1133 3446"/></Shape>
	    <String CONTENT="1834 hronu"
                    HPOS="1133"
                    VPOS="3315"
                    WIDTH="451"
                    HEIGHT="180"></String>
          </TextLine>

          
          
          <TextLine ID="eSc_line_f8ee2d30"
                    TAGREFS="LT85"
                    BASELINE="1688 3441 3607 3446" 
                    HPOS="1684"
                    VPOS="3365"
                    WIDTH="1923"
                    HEIGHT="157">
            <Shape><Polygon POINTS="1688 3441 1688 3365 3603 3365 3607 3446 3603 3473 2912 3473 2903 3482 2867 3513 2867 3518 2867 3518 2862 3518 2862 3518 2862 3518 2858 3518 2858 3518 2858 3522 2682 3522 2677 3518 2677 3518 2673 3518 2673 3518 2673 3518 2668 3518 2668 3518 2650 3500 2632 3513 2632 3518 2632 3518 2627 3518 2627 3518 2627 3518 2623 3518 2623 3518 2623 3522 2424 3522 2420 3518 2420 3518 2415 3518 2415 3518 2415 3518 2361 3486 2334 3513 2334 3518 2334 3518 2329 3518 2329 3518 2329 3518 2325 3518 2325 3518 2325 3522 2081 3522 2077 3518 1909 3504 1909 3504 1905 3504 1905 3504 1905 3504 1900 3504 1900 3504 1891 3495 1860 3473 1684 3495"/></Shape>
	    <String CONTENT="Sarmatiae in Europa fluuius, nunc uocatur"
                    HPOS="1684"
                    VPOS="3365"
                    WIDTH="1923"
                    HEIGHT="157"></String>
          </TextLine>

          
          
          <TextLine ID="eSc_line_ac9c4027"
                    TAGREFS="LT85"
                    BASELINE="1336 3522 2420 3554 3625 3541" 
                    HPOS="1327"
                    VPOS="3446"
                    WIDTH="2298"
                    HEIGHT="162">
            <Shape><Polygon POINTS="1336 3522 1336 3450 1706 3477 1833 3450 1864 3446 1864 3446 1864 3446 1869 3446 1869 3446 1869 3446 1873 3446 1873 3446 1873 3446 1878 3446 1882 3450 1918 3477 2302 3482 2347 3455 2352 3455 2352 3455 2352 3455 2352 3455 2356 3455 2356 3455 2361 3455 2361 3455 2365 3455 2365 3455 2365 3455 2365 3455 2424 3486 2609 3486 2632 3464 2632 3459 2632 3459 2636 3459 2636 3459 2636 3459 2641 3459 2641 3459 2645 3459 2645 3459 2849 3482 2876 3459 2880 3455 2880 3450 2880 3450 2885 3450 2885 3450 2885 3450 2889 3450 2889 3450 2889 3450 2894 3450 2894 3450 2943 3459 3097 3486 3133 3459 3138 3455 3138 3455 3142 3455 3142 3455 3142 3455 3147 3455 3147 3455 3151 3455 3616 3464 3625 3541 3621 3572 3381 3577 3345 3608 3345 3608 3341 3608 3341 3608 3336 3608 3336 3608 3336 3608 3332 3608 3332 3608 3174 3586 2596 3604 2591 3604 2591 3604 2591 3604 2587 3604 2587 3604 2582 3604 2546 3581 2302 3604 2302 3604 2298 3604 2298 3604 2036 3559 2022 3559 1792 3559 1729 3559 1679 3581 1679 3581 1679 3581 1675 3581 1675 3581 1675 3581 1670 3581 1327 3550"/></Shape>
	    <String CONTENT="menes, a Germanis Memelas in prussiai. Ex Crom"
                    HPOS="1327"
                    VPOS="3446"
                    WIDTH="2298"
                    HEIGHT="162"></String>
          </TextLine>

          
          
          <TextLine ID="eSc_line_bfb0d273"
                    TAGREFS="LT85"
                    BASELINE="1142 3590 2817 3662 3625 3649" 
                    HPOS="1142"
                    VPOS="3500"
                    WIDTH="2483"
                    HEIGHT="221">
            <Shape><Polygon POINTS="1142 3590 1142 3500 1494 3541 1738 3518 1774 3518 1779 3518 2063 3527 2063 3527 2063 3527 2067 3527 2067 3527 2072 3527 2072 3527 2077 3531 2113 3559 2149 3536 2153 3531 2158 3531 2158 3531 2162 3531 2162 3531 2162 3531 2167 3531 2167 3531 2167 3531 2198 3536 2347 3572 3616 3590 3625 3649 3621 3698 3404 3716 3399 3716 3399 3716 3399 3716 3395 3716 3318 3694 3314 3694 3309 3694 3250 3721 3250 3721 3246 3721 3246 3721 3246 3721 3241 3721 3241 3721 3025 3689 3011 3689 3007 3689 2925 3721 2925 3721 2921 3721 2921 3721 2916 3721 2916 3721 2916 3721 2808 3698 2388 3703 2384 3703 2384 3703 2379 3703 2271 3676 2198 3653 2049 3653 2022 3671 2013 3680 2013 3680 2009 3680 2009 3680 2004 3680 2004 3680 2004 3680 2000 3680 2000 3680 1995 3680 1995 3680 1995 3680 1973 3671 1950 3658 1941 3671 1932 3676 1932 3680 1932 3680 1928 3680 1928 3680 1928 3680 1923 3680 1923 3680 1923 3680 1918 3680 1918 3680 1914 3680 1864 3667 1774 3644 1548 3662 1413 3671 1408 3671 1237 3667 1237 3667 1237 3667 1232 3667 1232 3667 1232 3667 1228 3667 1228 3667 1214 3658 1192 3635 1142 3653"/></Shape>
	    <String CONTENT="184 Cyusaris Libye fluuius apud ptolemaeum, Cosen"
                    HPOS="1142"
                    VPOS="3500"
                    WIDTH="2483"
                    HEIGHT="221"></String>
          </TextLine>

          
          
          <TextLine ID="eSc_line_2a8c8892"
                    TAGREFS="LT85"
                    BASELINE="1332 3707 2099 3725" 
                    HPOS="1322"
                    VPOS="3631"
                    WIDTH="777"
                    HEIGHT="135">
            <Shape><Polygon POINTS="1332 3707 1327 3644 2090 3631 2099 3725 2095 3743 1909 3766 1909 3766 1905 3766 1322 3721"/></Shape>
	    <String CONTENT="a Plinio dicitur¬"
                    HPOS="1322"
                    VPOS="3631"
                    WIDTH="777"
                    HEIGHT="135"></String>
          </TextLine>

          
          
          <TextLine ID="eSc_line_6cae7cb6"
                    TAGREFS="LT85"
                    BASELINE="1142 3789 2501 3825 3621 3816" 
                    HPOS="1128"
                    VPOS="3685"
                    WIDTH="2493"
                    HEIGHT="185">
            <Shape><Polygon POINTS="1142 3789 1128 3721 1178 3685 1178 3685 1182 3685 1182 3685 1187 3685 1187 3685 1187 3685 1192 3685 1192 3685 1399 3707 1449 3685 1449 3685 1449 3685 1453 3685 1453 3685 1458 3685 1458 3685 1458 3685 1462 3685 1462 3685 1467 3685 1467 3685 1467 3689 1471 3689 1490 3712 1517 3694 1521 3694 1521 3694 1521 3694 1526 3694 1526 3694 1530 3694 1530 3694 1774 3725 1833 3734 2086 3734 2095 3725 2144 3694 2149 3694 2149 3694 2149 3694 2153 3694 2153 3694 2158 3694 2158 3694 2411 3725 2474 3734 2528 3730 2695 3703 2695 3703 2700 3703 3120 3707 3120 3707 3120 3707 3124 3707 3201 3730 3264 3748 3607 3734 3621 3816 3612 3870 1133 3829"/></Shape>
	    <String CONTENT="18 Chytlophoria Insula Ioniae per duo ſtadii continentu"
                    HPOS="1128"
                    VPOS="3685"
                    WIDTH="2493"
                    HEIGHT="185"></String>
          </TextLine>

          
          
          <TextLine ID="eSc_line_932636d2"
                    TAGREFS="LT85"
                    BASELINE="1322 3906 3210 3924" 
                    HPOS="1313"
                    VPOS="3811"
                    WIDTH="1897"
                    HEIGHT="163">
            <Shape><Polygon POINTS="1322 3906 1313 3838 1381 3811 1381 3811 1386 3811 1386 3811 1390 3811 1390 3811 1395 3811 1508 3838 1512 3838 1521 3838 1779 3811 1779 3811 1783 3811 1783 3811 1788 3811 1788 3811 1788 3811 1792 3811 1792 3811 1792 3816 1797 3816 1819 3843 1819 3843 1819 3843 1896 3816 1900 3816 1900 3816 1900 3816 1905 3816 1905 3816 1909 3816 1909 3816 1909 3816 1964 3843 1968 3847 2180 3847 2203 3847 2248 3816 2253 3816 2253 3816 2253 3816 2257 3816 2257 3816 2262 3816 2262 3816 2266 3816 2266 3816 2347 3847 2356 3847 2379 3847 2641 3820 2641 3820 2645 3820 2645 3820 2650 3820 2650 3820 2731 3852 2740 3852 2763 3852 2934 3825 2934 3825 2939 3825 2939 3825 3205 3856 3210 3924 3205 3946 2957 3946 2957 3946 2930 3969 2930 3974 2930 3974 2925 3974 2925 3974 2925 3974 2921 3974 2921 3974 2916 3974 2916 3974 2686 3951 2555 3969 2555 3969 2551 3969 2551 3969 2551 3969 2546 3969 2546 3969 2546 3969 2542 3969 2542 3969 2542 3965 2524 3951 2515 3942 2496 3951 2442 3969 2442 3969 2438 3969 2438 3969 2433 3969 2433 3969 2266 3951 2216 3946 2162 3951 2058 3965 2058 3965 2054 3965 2054 3965 2054 3965 2049 3965 2049 3965 2022 3951 1986 3933 1729 3933 1318 3956"/></Shape>
	    <String CONTENT="Alexandro adnexa : Hippi est. Ex Plinio"
                    HPOS="1313"
                    VPOS="3811"
                    WIDTH="1897"
                    HEIGHT="163"></String>
          </TextLine>

          
          
          <TextLine ID="eSc_line_bba8d3db"
                    TAGREFS="LT85"
                    BASELINE="1133 3987 3612 4019" 
                    HPOS="1124"
                    VPOS="3879"
                    WIDTH="2488"
                    HEIGHT="198">
            <Shape><Polygon POINTS="1133 3987 1133 3879 1300 3883 1300 3883 1300 3883 1304 3883 1304 3883 1304 3883 1309 3883 1381 3928 1693 3928 1837 3892 1837 3892 1837 3892 1842 3892 1842 3892 1846 3892 1846 3892 1846 3892 1937 3937 2189 3915 2189 3915 2194 3915 2194 3915 2198 3915 2198 3915 2198 3915 2203 3915 2203 3915 2235 3942 2375 3919 2375 3919 2379 3919 2379 3919 2379 3919 2384 3919 2384 3919 2384 3919 2429 3942 2451 3919 2451 3919 2456 3919 2456 3919 2456 3919 2460 3919 2460 3919 2465 3919 2465 3919 2745 3946 2853 3928 2853 3928 2853 3928 2858 3928 2858 3928 2862 3928 2862 3928 2862 3928 2867 3928 2898 3951 2934 3919 2934 3919 2939 3919 2939 3919 2939 3919 2943 3919 2943 3919 2943 3919 2948 3919 2948 3919 2952 3919 3065 3951 3187 3906 3187 3906 3192 3906 3192 3906 3196 3906 3381 3915 3381 3915 3386 3915 3386 3915 3386 3915 3390 3915 3445 3951 3603 3910 3612 4019 3607 4055 3332 4077 3327 4077 3327 4077 3120 4050 3083 4046 3061 4050 2921 4073 2921 4073 2916 4073 2916 4073 2686 4041 2668 4041 2668 4041 2632 4068 2627 4068 2627 4068 2627 4068 2623 4068 2623 4068 2623 4068 2618 4068 2618 4068 2614 4068 2515 4041 2501 4037 2244 4037 2244 4037 2207 4064 2207 4064 2203 4064 2203 4064 2203 4064 2198 4064 2198 4064 2194 4064 2194 4064 2194 4064 2189 4064 2086 4032 2086 4032 2081 4032 2022 4059 2022 4059 2018 4059 2018 4059 2018 4064 1842 4064 1837 4059 1837 4059 1833 4059 1833 4059 1747 4028 1702 4055 1697 4055 1697 4055 1693 4055 1693 4055 1693 4055 1688 4055 1688 4055 1684 4055 1589 4032 1499 4055 1494 4055 1494 4055 1490 4055 1490 4055 1124 4014"/></Shape>
	    <String CONTENT="181 Cia prope Asticam Insula Xt M. P. ambitu pene da"
                    HPOS="1124"
                    VPOS="3879"
                    WIDTH="2488"
                    HEIGHT="198"></String>
          </TextLine>

          
          
          <TextLine ID="eSc_line_0d52923c"
                    TAGREFS="LT85"
                    BASELINE="1286 4100 2939 4122" 
                    HPOS="1277"
                    VPOS="4028"
                    WIDTH="1662"
                    HEIGHT="126">
            <Shape><Polygon POINTS="1286 4100 1286 4028 2934 4041 2939 4122 2930 4154 1277 4140"/></Shape>
	    <String CONTENT=" ta, nunic Zea dicitur. Ex Bordono."
                    HPOS="1277"
                    VPOS="4028"
                    WIDTH="1662"
                    HEIGHT="126"></String>
          </TextLine>

          
          
          <TextLine ID="eSc_line_2aebbb81"
                    TAGREFS="LT85"
                    BASELINE="1146 4172 3607 4226" 
                    HPOS="1142"
                    VPOS="4077"
                    WIDTH="2465"
                    HEIGHT="203">
            <Shape><Polygon POINTS="1146 4172 1146 4077 1354 4113 1792 4095 1837 4095 1842 4095 1842 4095 1882 4100 2176 4136 2311 4136 2334 4113 2343 4104 2343 4104 2347 4104 2347 4104 2347 4104 2352 4104 2352 4104 2352 4104 2356 4104 2356 4104 2361 4104 2361 4104 2361 4104 2365 4104 2365 4104 2375 4113 2402 4136 2456 4118 2478 4109 2478 4109 2483 4109 2483 4109 2487 4109 2487 4109 2487 4109 2492 4109 2519 4118 2587 4140 2668 4122 2713 4113 2713 4113 2713 4113 2718 4113 2718 4113 2722 4113 2722 4113 2754 4127 2794 4140 2885 4131 2984 4118 2984 4118 2989 4118 2989 4118 3120 4136 3241 4154 3603 4154 3607 4226 3598 4280 3165 4258 3106 4271 3083 4280 3079 4280 3079 4280 3079 4280 3074 4280 3074 4280 3070 4280 3070 4280 3070 4280 3065 4280 3056 4271 3038 4262 3025 4271 3016 4280 3016 4280 3011 4280 3011 4280 3011 4280 3007 4280 3007 4280 3007 4280 3002 4280 3002 4280 2925 4271 2785 4249 2722 4267 2704 4271 2700 4271 2700 4271 2695 4271 2695 4271 2695 4271 2659 4267 2555 4244 2311 4258 2230 4262 2226 4262 2226 4262 2226 4262 2221 4262 2221 4262 2221 4262 2216 4262 2216 4262 2212 4258 2194 4240 2153 4258 2144 4258 2144 4258 2140 4258 2140 4258 2140 4258 2135 4258 2135 4258 2108 4253 1959 4231 1142 4235"/></Shape>
	    <String CONTENT="187 Cicones Thraciae populi Ismarum incolentes, Saei"
                    HPOS="1142"
                    VPOS="4077"
                    WIDTH="2465"
                    HEIGHT="203"></String>
          </TextLine>

          
          
          <TextLine ID="eSc_line_2161edbf"
                    TAGREFS="LT85"
                    BASELINE="1318 4280 3621 4334" 
                    HPOS="1313"
                    VPOS="4204"
                    WIDTH="2308"
                    HEIGHT="189">
            <Shape><Polygon POINTS="1318 4280 1313 4213 2108 4204 2113 4204 2113 4204 2117 4204 2117 4204 2117 4204 2122 4204 2122 4204 2122 4208 2144 4226 2149 4231 2167 4231 2302 4208 2302 4208 2307 4208 2307 4208 2307 4208 2311 4208 2311 4208 2316 4208 2316 4208 2343 4231 2352 4235 2365 4235 2483 4213 2483 4213 2487 4213 2668 4217 2668 4217 2668 4217 2673 4217 2673 4217 2677 4217 2677 4217 2704 4240 2713 4244 2740 4240 2880 4222 2880 4222 2885 4222 2885 4222 2885 4222 2889 4222 2975 4244 2984 4249 2993 4249 3052 4226 3052 4226 3056 4226 3056 4226 3061 4226 3061 4226 3061 4226 3065 4226 3065 4226 3070 4226 3070 4226 3070 4231 3074 4231 3088 4249 3092 4258 3621 4262 3621 4334 3616 4361 3431 4393 3431 4393 3427 4393 3427 4393 3427 4393 3422 4393 3422 4393 3345 4361 3345 4361 3336 4361 3129 4384 3129 4384 3124 4384 3124 4384 3120 4384 3120 4384 3120 4384 3115 4384 3115 4384 3083 4357 3056 4380 3052 4380 3052 4380 3052 4380 3047 4380 3047 4380 3043 4380 3043 4380 3043 4380 2943 4357 2916 4352 2876 4357 2727 4375 2727 4375 2722 4375 2722 4375 2722 4375 2718 4375 2718 4375 2713 4375 2713 4375 2713 4375 2691 4352 2682 4343 2465 4339 2356 4352 2266 4361 2266 4361 2262 4361 2262 4361 2257 4361 2257 4361 2226 4348 2189 4339 2153 4348 2113 4361 2108 4361 2108 4361 2108 4361 2104 4361 2104 4361 2099 4361 2099 4361 2099 4361 2072 4348 2031 4330 1982 4348 1950 4357 1946 4357 1946 4357 1946 4357 1941 4357 1941 4357 1837 4348 1648 4325 1313 4339"/></Shape>
	    <String CONTENT="appellati. Ex his fuere duo Orphei alter anti quus"
                    HPOS="1313"
                    VPOS="4204"
                    WIDTH="2308"
                    HEIGHT="189"></String>
          </TextLine>

          
          
          <TextLine ID="eSc_line_7eb5ae48"
                    TAGREFS="LT85"
                    BASELINE="1363 4407 1968 4398 2591 4425 3634 4425" 
                    HPOS="1354"
                    VPOS="4316"
                    WIDTH="2280"
                    HEIGHT="176">
            <Shape><Polygon POINTS="1363 4407 1359 4325 1471 4348 1517 4325 1539 4316 1539 4316 1539 4316 1544 4316 1544 4316 1548 4316 2063 4316 2063 4316 2063 4316 2067 4316 2067 4316 2108 4334 2126 4343 2144 4334 2180 4316 2180 4316 2180 4316 2185 4316 2185 4316 2185 4316 2189 4316 2189 4316 2343 4339 2438 4352 2636 4343 2930 4330 2934 4330 2934 4330 2934 4330 2939 4330 2939 4330 2939 4330 2975 4348 2998 4361 3630 4361 3634 4425 3625 4479 3237 4461 3214 4479 3205 4488 3205 4492 3205 4492 3201 4492 3201 4492 3201 4492 3196 4492 3196 4492 3192 4492 3192 4492 3088 4479 3002 4470 2962 4479 2912 4492 2907 4492 2907 4492 2903 4492 2903 4492 2903 4492 2898 4492 2853 4479 2790 4461 2713 4479 2668 4488 2668 4488 2668 4488 2664 4488 2664 4488 2659 4488 2627 4479 2560 4461 2542 4479 2533 4488 2533 4488 2533 4488 2528 4488 2528 4488 2524 4488 2524 4488 2524 4488 2519 4488 2519 4488 2519 4488 2474 4479 2415 4465 2379 4479 2352 4488 2352 4488 2347 4488 2347 4488 2343 4488 2343 4488 2343 4488 2293 4479 2162 4452 1914 4479 1842 4483 1837 4483 1354 4474"/></Shape>
	    <String CONTENT="gti filius : altr undecim pcrcaio post primum, nu"
                    HPOS="1354"
                    VPOS="4316"
                    WIDTH="2280"
                    HEIGHT="176"></String>
          </TextLine>

          
          
          <TextLine ID="eSc_line_e550da51"
                    TAGREFS="LT85"
                    BASELINE="1345 4510 3639 4555" 
                    HPOS="1332"
                    VPOS="4434"
                    WIDTH="2307"
                    HEIGHT="180">
            <Shape><Polygon POINTS="1345 4510 1345 4434 3431 4492 3634 4474 3639 4555 3634 4587 3472 4587 3445 4610 3445 4614 3445 4614 3440 4614 3440 4614 3440 4614 3436 4614 3436 4614 3431 4614 3192 4610 3192 4610 3192 4610 3187 4610 3187 4610 3183 4610 3183 4610 3142 4578 3047 4605 3043 4605 3043 4605 3038 4605 3038 4605 2776 4573 2740 4601 2740 4601 2736 4601 2736 4601 2736 4601 2731 4601 2731 4601 2727 4601 2727 4601 2727 4601 2722 4601 2722 4601 2718 4601 2718 4601 2673 4569 2036 4587 2031 4587 2031 4587 1797 4551 1426 4573 1422 4573 1422 4573 1422 4573 1417 4573 1417 4573 1332 4537"/></Shape>
	    <String CONTENT="nsserunt antiqui, hoc est cccXXX annis y crca"
                    HPOS="1332"
                    VPOS="4434"
                    WIDTH="2307"
                    HEIGHT="180"></String>
          </TextLine>

          
          
          <TextLine ID="eSc_line_77e5f316"
                    TAGREFS="LT85"
                    BASELINE="1341 4605 3083 4668 3621 4659" 
                    HPOS="1332"
                    VPOS="4510"
                    WIDTH="2289"
                    HEIGHT="253">
            <Shape><Polygon POINTS="1341 4605 1345 4510 1494 4546 1607 4519 1616 4519 1616 4519 1616 4519 1620 4519 1620 4519 1648 4519 1914 4564 2325 4569 2361 4551 2370 4546 2370 4546 2370 4546 2375 4546 2375 4546 2379 4546 2379 4546 2379 4546 2384 4546 2406 4551 2474 4573 2560 4560 2614 4551 2614 4551 2614 4551 2618 4551 2618 4551 2623 4551 2673 4564 2767 4592 3616 4605 3621 4659 3616 4727 3472 4763 3472 4763 3472 4763 3467 4763 3467 4763 3467 4763 3463 4763 3463 4763 3463 4763 3458 4763 3409 4727 3404 4722 3246 4718 3237 4722 3205 4754 3205 4758 3205 4758 3201 4758 3201 4758 3201 4758 3196 4758 3196 4758 3196 4763 3120 4763 3115 4758 3115 4758 3111 4758 2971 4722 2925 4709 2912 4722 2871 4749 2867 4749 2867 4749 2867 4749 2862 4749 2862 4749 2862 4754 2767 4754 2763 4749 2645 4745 2645 4745 2645 4745 2641 4745 2641 4745 2636 4745 2636 4745 2605 4718 2573 4691 2298 4686 2262 4713 2244 4731 2244 4731 2239 4731 2239 4731 2239 4731 2235 4731 2235 4731 2230 4731 2049 4727 2049 4727 1928 4722 1928 4722 1928 4722 1923 4722 1923 4722 1923 4722 1918 4722 1900 4709 1846 4673 1720 4695 1720 4695 1720 4695 1715 4695 1715 4695 1711 4695 1711 4695 1711 4695 1706 4695 1706 4695 1675 4668 1544 4704 1526 4709 1521 4709 1521 4709 1517 4709 1332 4700"/></Shape>
	    <String CONTENT="enim dicebant anuiauis ſpatium trginta cmnorcem E"
                    HPOS="1332"
                    VPOS="4510"
                    WIDTH="2289"
                    HEIGHT="253"></String>
          </TextLine>

          
        </TextBlock>
        
        <TextBlock HPOS="650"
                   VPOS="1876"
                   WIDTH="122"
                   HEIGHT="14"
                   ID="eSc_textblock_3d769c82"
                   TAGREFS="BT98">
          <Shape><Polygon POINTS="650 1876 772 1876 772 1890 650 1890 650 1876"/></Shape>
          
        </TextBlock>
        
        <TextBlock HPOS="3684"
                   VPOS="3319"
                   WIDTH="9"
                   HEIGHT="50"
                   ID="eSc_textblock_9b698b6b"
                   TAGREFS="BT98">
          <Shape><Polygon POINTS="3693 3369 3684 3369 3684 3319 3693 3319 3693 3369"/></Shape>
          
        </TextBlock>
        
        <TextBlock HPOS="3684"
                   VPOS="3771"
                   WIDTH="9"
                   HEIGHT="67"
                   ID="eSc_textblock_1300ebb1"
                   TAGREFS="BT98">
          <Shape><Polygon POINTS="3684 3771 3693 3771 3693 3838 3684 3838 3684 3771"/></Shape>
          
        </TextBlock>
        
        <TextBlock HPOS="3684"
                   VPOS="3969"
                   WIDTH="9"
                   HEIGHT="68"
                   ID="eSc_textblock_7cd36689"
                   TAGREFS="BT98">
          <Shape><Polygon POINTS="3684 3969 3693 3969 3693 4037 3684 4037 3684 3969"/></Shape>
          
        </TextBlock>
        
        <TextBlock HPOS="1950"
                   VPOS="559"
                   WIDTH="375"
                   HEIGHT="122"
                   ID="eSc_textblock_e9aef9a2"
                   TAGREFS="BT99">
          <Shape><Polygon POINTS="2095 559 2271 577 2325 663 1950 681 1968 595 2095 559"/></Shape>
          
        </TextBlock>
        

        
      </PrintSpace>
    </Page>
  </Layout>
</alto>
