3681 5350
758 650 2458 161 tia, Triccala ab aliquibus etinm uocata, prope quad

785 757 2440 139 erat templum antiquissi mum Æsculapio : Argos Hippo

798 847 2436 124 boton d icta fuit ab Homero in Catalogo : ubi rpnaui

789 922 2053 152 podalenrius Æsclapij ipseus filius. Ex Eustathio

526 1012 2699 151 132 ricor, uthus, nel, ut est apud Didymum, et Diodorum, Trico

776 1101 2360 147 rnthum Anicae opp. Tetrapolis postea dictum fuic

794 1199 2409 138 propter poputos quatuor oenoea, Probalinthum, Tu

789 1284 2427 133 corynt hum, et Marathona, qui ibi habitabant prius

562 1431 2659 174 133  Vilenci Scopuli tres in Cantabrico oceano, Crugnae uul

785 1382 1892 124 dicebatur Hyttinia. Ex Stethano, Saberti

820 1542 1165 165 go dicuntur. Ex Bordono

575 1596 2597 209 134 Trinium Italiae urbs a Traiano, uu treditur , condita, et

620 1796 2601 125 135 rinoantes Britanniae populi : Northantonij ſunt : qu

919 1703 1976 156 raianopotis dicta, nunc Trani. Ex Golleto

785 1885 2467 147 rum urbs fuit Camudolanum, Suana castra etia

794 1983 2217 116 dicta, nunc Duncastrum ad Dunij ripam. Ex Ioui

593 2037 2664 192 138 riphulum Daciae opp. Hilesia est in Trnsylunna. Ex Lazo

646 2166 2575 152 17 Tripoli Cariae urbs, Neapolis postea dicta. Ex Stephano

624 2242 2619 165 138 Tritium Metalum Beronum urbs in Hispania a Tuba

816 2340 2338 147 le Iapheti filio conddita, Taſalla uocantur in Regno

816 2420 1593 161 Nauarrae. Ex Beutero, Munstero

646 2483 2624 196 139Aritium Tuboricum Vasiulorum urbs in Hipania, Naie

812 2608 1615 147 ra dicitur, uel Trucio. Ex Munstero

655 2657 2588 182 40 roezen urbs in peloponneso a Troezene Pelopis filio

816 2777 2418 134 uocata, prius Apherodistas, Saronia, posidonia, Po

812 2871 2333 156 Sidonias, quiod Neptuno ſacra sit, Apollonias, et

820 2973 2356 161 Anthanis, nrunc predena. populi eam incolentes di

834 3067 2432 160 cebantur Aeropes. Ex Strabone, Steph Eustathio, Vnin

651 3169 2557 161 14i roia, et Troias regio Asiae ini lycia a Tioo Rego dicta

825 3263 2400 152 ſecundum Homerum fuit a locis, que ſunt circa sepus

865 3352 2383 156 tunium, et circa Cyzicenani coq. ad Caicum fluuium

838 3464 2428 156 ſii cum Tronde Aolidem iungentem, qua arb Hermo est

825 3548 2383 179 usq. cyzicum : dicisa in oco, uel nouem oynasteas

825 3655 2423 152 quas dixerunt esse primam, et Secundam Cilicum, quo

829 3749 2392 156 rcum regionis pars Thebaica dicebatur prb Eetiome

838 3843 2352 165 pars Lyrnessis ſub Mynete : tertiam Lelegum Sub

843 3932 2373 160 Alte : quartam Dardanidm stb Ænea : quimam Ly

847 4043 2378 152 ciorum ſub pandaro : Sextam, et Septimam ab Aby

878 4123 2307 165 10 Adrastium neq. Abydenos quidem ſub Asio, Adra

870 4217 2387 174 ſtiam uero Sct Adrasto, et Amphhio Meropios filijs : oc

865 4320 2383 142 tauam ultrn hyrnessum Sub Eurypylo ſet nonam Ila

870 4409 2387 214 un iesum. Sed Ecdogus uocdis fniss conerahit non ab
