3840 5310
1293 473 1944 248 M E longitudine. Horum adeo magna fuit

1302 619 1935 142 quomdoq. exercitum emisse rinu LxXX nmnun

3233 601 420 191 ſpeditias

1311 677 2112 172 reiI mi lium equitum. Exercitum Romanorum o

1302 747 2033 182 caudinas ſub iugum miſsere : pri postea ip

3521 747 97 168 uo

1306 827 2077 190 aAecti a L. Papyrio : tandem deleti omnes a Ea⟩

3569 871 62 93 co

1284 911 2378 208 eorum urbes aliae eouersae, aliae uicus fuctae. Ex Strabo

1288 1017 1015 124 liuio, Plinio, Collenutro

996 1066 2688 177 44 Samonium Cretae promontorium adorientem, caput Sab

1271 1199 912 106 momis est. Ex Iouio

1040 1225 2631 155 45 Samos Ionij maris Insula in Caria a Samo Mercurij ,

1293 1314 2369 146 lio dicta, a Parthenia uxore Sam parthenias, parthe

1297 1424 2379 124 nia, et parthinarusa : postea Anthemus, uel Antheo

1284 1486 2392 160 ſa, Dryusa, uel Drousa, Cyparissia, Melamphylus, Aro⟩

1302 1588 2365 151 ſa, Stephanis, Imbrasus a fluuio, et Electra ab theciu

1302 1668 2365 163 ttlants, fili ilunoni sacra, pythagorae patria, C Mep

1297 1765 2356 133 ambitu, uel, ut ait Strabu tXXV. ubi urbs quatuor

1293 1854 2360 150 decim fuere a Tymbro, aut Tombrione, et patrocle

1288 1938 2370 141 conditae. patrocles enim, et Tombrion in hac Insula e

1275 2039 2378 129 micilia constituentes, in ſocietatem recepere Cares, qu

1275 2115 2370 155 habitabant circa Schesium fluuium : et in duas parbi

1280 2199 2365 159 Insulam diuisere Schesiam alteram uocantes a fluoi

1275 2292 2361 146 alteram Astypalaeam, uel Astypaliam ab Asteo aritia

1266 2385 2374 150 loco. Ex Apollono, Strabonr, plinio, Solino, Stephano

1266 2495 855 120 Varino, paurhasio

1023 2486 2622 204 46 Samothracià parua Insula in Ægaeo mari XX M. P. um

1257 2615 2388 128 tu, Thraciaè adiacens, et a Thracibus incolis Samo

1288 2716 2352 146 Threicia dicta : Samos etiam a Sumitatibus, quas He

1257 2809 2370 151 oaprisc appellabat ; Saocis a Sao Mercurij filio

1266 2902 2383 146 Dardania a Dardano parthenia a fluuio parthemio

1257 2986 2396 151 Melite, Melamphilus, Anthemis, Æthiopia, Atlantis, Lu

1257 3088 2374 142 cotria, uel ut ait Aristoteles, Leucosia : nunc Sama

1271 3172 2365 164 drachi, otini dicer . Sed Cilices piratae eam ppoiariu

1271 3270 2356 150 abacta praeda ex cedente mille talenta. Ex Virgilio

1288 3336 2361 190 ptratn ea, Ptinio, Stephano, Eustathio, Varino, parrha

1284 3447 585 119 ſio, Bordono.

1040 3482 2605 181 47Samulis Syriae Gciuitas, ab Iudaeis Assur, Asson, et Asse

1262 3597 2095 150 dicta, nunc Antiopia. Ex Brocaro, Munstero

1036 3677 2595 159 48 Sanction Germaniae opp. nucc Seccinga, ut ai Bentus

1244 3770 2396 159 Rhenanus. Lazius Selhinga uocat, ec credit Oolim fu

1266 3858 1271 146 ſe Sequanorum Insulam e

1018 3920 2613 204 49 Sandata Daciae opp. Schesburg est in Transyluania

1244 4040 434 115 Ex Lazio

1014 4053 2617 221 0 Santoneo poctus in Gallie populi, Xantognes ſunt in

1271 4212 1067 133 quitania. Ex Munst

1000 4230 2631 212 31 Sautonum portus Rochella dcitur in Aquitania Ex o⟨a⟩

1000 4367 2627 199 22Santonum promontorium in Gallia a Santonibus uoc

3445 4482 146 120 tum
