3666 5350
691 606 2341 196 no, Martiano, Hieronymo Gebuilero, fulgosio, Merala,

664 749 1494 164 8. Phenano, Munstero, Onphrio

405 780 2694 223 15 Galliani Saltus in Gallais Togata prope forum Liicij, nunc

704 936 1320 134 dicitur Galleata. Ex Hermolao

423 931 2667 250 16 Gallica Nlania Hlergitum opp. in Hopania, Faga est. Ex

668 1105 491 129 Munſtero

410 1105 2671 241 17 Gallicia prouincia in Sarmatia, Halicia dicitur in Rus

682 1284 1115 133 Sia. Ex Matthia T

432 1297 2663 227 18 Gaallipolis opp. Senonum in ora Calabriae, nunc etiae

673 1426 2408 179 ſic appellatum, Domitiani uero remporibus An Xλ

673 1569 433 129 Ex Plino

463 1564 2632 219 19 Galorum Galatiae urbs, Garipum nocatur. Ex Munstero

450 1712 2319 147 20 Galtis Daciae opp. Galosdia appellatur. Ex Lazio

468 1765 2662 201 421 Gangargorum promontorium in Britannia, ab aliqua

686 1881 2400 187 bus Bangar dicitur, ab Iauio alijs Nilgarenum

682 1983 2471 174 et Cqerdiganum: ⟦dicbttuq eBangar fuisse Branne

722 2099 1427 165 genium. Ex Munstero, Iouio

437 2162 2689 209 22 Ganges Indiae fluius, Guetga, uel Ganga ab Indij no

660 2313 1846 139 catur. Ex Odoacri Barbeooa, Barroso

445 2385 2703 178 23 Gangetiace ſinus a Gangeinuncupatus,  Sinus Ben¬

735 2501 1258 160 gale est. Ex Rhamausio

463 2576 2600 170 24 Garganus mons Apuliae Adriatico mari imminens, ab

633 2692 2417 170 oppdo, quod in eius catumine est, uocatur Mons

686 2782 2377 182 Sancti Angeli in iquo est templum antiquiſsimum

700 2889 2386 178 Michaelis Archangeli. Montem Saraceni bi oc

704 2991 2364 178 cuparunt, primum autem palsi a Grimoaldo Longuo

695 3103 2449 182 bardorum Rege postea a cuo Magno. Ex Blond

691 3223 1061 116 Collemtio, Volaterrano.

486 3259 2698 191 25 Garites Aquitaniae populi, Lacorites, uel Lectorense

673 3383 2101 179 creduntur esse i rasconia. Ex Martiano

463 3486 2743 165 26 Garrhyenus Britanniae fluuius, Grent est, uel Enur

677 3597 1263 174 Ex Munstero, Castaldo

463 3620 2725 272 27 Garmna fluuius Celtas ab Aquitanis ſeparanis

677 3749 2471 241 caron u Gallis nunc dicitur, uulgo Garona. Ex Ro

700 3918 1373 165 berto, Oliuario, Munstero

472 4003 2685 192 20 Gauanodcurturo urbg in Norico, chiembse a Lazio de

700 4128 2417 160 citur, a Beato Rhenano Loufenbere in finibus

713 4222 2502 173 Rauricorum est Heluetionm,  aliss ddu esse Gcamat

731 4315 1289 156 tingen ipso Lazio teste.

450 4364 2761 219 29 Gaza palaeſtinae urbs ab Ioue condita, ubi reliquit pro

2939 4520 249 121 pria
