3698 5310
1169 402 2387 248 Villano Plorenino credinus : Sti Annio Lucumodia clco

1178 557 2391 204 mone Æthrueaorum Duce : Colonia Romanorum, abi

1178 646 2391 234 Siderio Longabardorum Rege aucta. a dcuerosis possessa

1186 800 935 164 nunc libera floret.

1000 800 2582 301 39 Lucania Italiae prouinia Eto Stadiorum longitudino S

1173 955 2392 235 lari ad Talaum, Laum ue fluuium ut ab Antiochouuci

1182 1062 2405 221 tur : Magna etiam Graecia dicta cum Sicilia, a Sabibe

1164 1163 2418 239 c0 Dasilicata dicitur, a Collenutia principatus.. Exellis, ste

961 1269 2626 226 100 Lucensis Boemorum principatus, Zacensis dicitur. Ex Ænu

1182 1446 319 129 Syluio

969 1464 2556 204 101 Lucenti opp. Hispaniae, Susana uocatur. Ex Munstero

974 1562 2599 203 10t Luceoli opp. in Piceno, Candianum est a fluuio pra

1169 1716 1536 133 terfluente uocatum. Ex Blondo

961 1730 2630 221 103 Lucus Augusti Capororum urbs in Hispania, Luerisus

1204 1876 806 159 est. Ex Munstero

983 1938 2590 194 104 L ugdcinum Lugdunensis Galliae metropolis, Lugduna

1186 2062 2396 177 a Stephano urocata, et Procincia ipsa Lugdunisiz : ⟨⟩

1204 2172 2383 137 manorum Colonia a L. Munatio Planco deducta in

1204 2270 2356 172 Ararim, et Rhodanum, et centeno anno postea tota

1213 2358 2360 177 incendio collapsa, Eyon nuncupatur Europae celebrt

1209 2464 2378 160 emporium Berosus cedidit eam fuisse conditam, et

1213 2570 2378 177 ctam a Lugduno Rege. Ex illis, Pli Seneca, Plutae

1226 2685 585 160 co, Annio

965 2778 2409 191 10s L ugeum in Illyrico Lueg specus est. Ex Lazio.

996 2885 2591 212 180 Lugidunum Germaniae urbs, Elogauia diaitur. Ex M

996 3017 2586 173 107 Lugionum Pauneniae opp, uel Legesoneo, ut apud Ptolera

1204 3119 2383 168 um ſuibendum censet Lazius, Lesi dictur ab Antorius

1031 3212 2556 204 100 Lugodinum Batauorum opp. in Gallia Belgica, T⟨a⟩

1213 3332 2378 172 iecum uocatu, et Vtrich : quod alij dicunt fuisse T⟨⟩

1235 3438 2361 186 tricesium Tungrorum metropolim. Ex Iacobo Meyx

1231 3579 1200 111 ro, Stoflerino, Munſtero

1018 3624 2586 203 09 Luia Hispaniae Tarraconensis ciuitas, Villaloneſt

1217 3761 620 124 Ex Munstero

1005 3818 2568 191 110 Luna Æthruiae opp. cum portu maxino, et pull

1217 3960 2352 155 cterrino : cuius oppidi meminia Ennius, fuit ube

1200 4062 2170 155 nunc est Sarzania. Ex Strabone, Oliuaio

983 4159 2586 133 111 Lunae mons promontorium in Lusitania, Rocca

1226 4248 2330 154 de Sinna dici creditur. Ex Valentino Morauo, Ap

969 4340 2587 204 ettlL unaium Hispatiae Tauraconen sis promorie

3396 4433 177 124 rium
