3681 5350
655 597 2379 205 et aliquamdo Sabelicus credidere,. Sed cum Sicambri apuu

664 722 2383 165 Caesarem, et Strabonem trans Rhenum Sint, Sheldri

673 815 2338 179 ſes autem cis Rhenum, uidentur potius Sicambri fui

669 909 2342 201 ſe in Vuestphalia, quae fuit antiqua Saxonia, quod alibi

678 1025 2306 183 Sabellicus, et post eum Glareanus testantur : in qua

678 1110 2342 187 etiam reginnae fuere Franci, unde Remigius clodou

673 1217 2271 196 um Francorum Regem cognominauit Sicambrum

687 1315 2324 200 Sicambri ipsi ab Hunibaldo Scythae origine dicun

682 1426 2369 161 tur, qui Alanos ſuperarunt, tandem uero Tiberis

419 1551 2632 236 i32Sicetum opp. in Italia, Centum est in agro Bononiens

673 1520 1553 169 auspicijs uici fuere Tacito teste¬

664 1676 2365 192 a Centum hoc est pluribus rusticanis domibus uoca

673 1841 745 89 tum. Ex Blondo

441 1863 2579 178 143 Sichem, uel Shechem Samariae metropolis in Palaestina

682 1979 2311 152 inter duos montes Bethel, et Dan, a Shechem Emor

687 2055 2351 192 chananaeorum Regis filio dicea, qui Dinam filiam la

696 2171 2280 169 cob uiolauit : a Septuaginta Interpretibus Sicimis

687 2273 2369 174 dicitur, ab Ioanne Apostolo Sichar, a Plinio Mamor

673 2376 2347 200 ta, ab Iosepo Marbota, postea Neapolis. Ex illis, Hie

673 2496 875 129 ronymo, Eugubino

459 2510 2566 245 144Sicilia ceteberrima Insula DcXViI M. p. ambitu, uel Ot

678 2625 2391 206 teste posidonio, Italiae adiacens Brutio agro quondanm

691 2737 2293 183 cohaerens, nox terraemotu inter fuso mari auulsa¬

687 2853 2306 169 dicta a Siculo Neptuni filio Ausonioru Rege, qui

687 2964 2347 192 ab Iapygibus Italia pulsi in Insulam accessere : uel a

696 3040 2324 219 Sicalo Itaei flio Ligurum Duce, qui ex Sedibus propris

691 3160 2378 219 pulsi ab Vmbris Lra annis ante Troianum Leb

682 3276 2352 205 lum, traijciere in Insulam: uel a Siculis Italiae populis

696 3383 2333 197 qui ab opicis eieui, ut ait Thucyddes, uel a Pelasgis

682 3490 2302 197 ut Hellanicaus, Insulam occuparunt. Sicaniam olim

691 3597 2347 188 uocatam à Sicano Rege, qui cum Hispanis in eanm

678 3687 2306 209 uenit, qui Insulam tenuere post Cyclopas mendaces

696 3794 2315 191 homines, et fraudulentos Cercopas prius appellatos

691 3905 2334 201 n post Lestrygonas etiam Insula etiam Tridetros

655 4012 2356 192 Tdicta fuit, Triacria, Trinacria, et Trinacris

704 4101 2334 201 a tibus promontorijs peloro, pachino, et Lilybaeo : uel

713 4204 2316 174 a Trinatuo Heroë Neptuni filio, quod Sibylla Sigm

704 4311 2334 178 ficat : Threnacia etiam Thrinacia, et a triangula

736 4395 2320 223 ri Specio Triquetra, et a fluuio Triquestra. Euarn

2864 4502 161 152 prae
