3666 5350
695 619 2449 156 ungues in continentem traijecisse, et Lacoontis Ssacerddtis f

709 744 2408 138 lium interfecisse suribit Tryphiodorus : quos tamen, ecI

709 824 2421 143 nedo uenisse ait noster poeta. Ex Strabone, Sephano

441 958 2729 196 40 Calydnus fluuius Isauriae prope Seleuciam, Calycadnus

722 922 1690 116 Homeri Interprete, Eustathio, Varino.

463 1119 2627 160 41 Calydrior urbs Afoliae LCalydone Endymionis, uel Ætoli

709 1105 1235 85 etiam dicitur. Ex Stepheni

744 1208 2337 187 fillo uocata, Æolis etiam appellata, ut ati Thucydides, ue

726 1297 2400 187 Ætolia ut Menophon, quomodo etiam, uel Ætolis legendu

477 1431 2671 231 42 Camala Syriae urbs in Galilaea in alte monte cameli Sit

731 1413 1146 138 arbitror apud Thucydidem

735 1555 2409 179 postea Gamala, olim Cedar nuncupata ab Ismaelis A

495 1725 2675 183 43 Camatie Indiae Ciuitas intra Gangem in ſinuu Barygazeno

758 1658 1503 160 lio. Ex Iosepo, Brocardo, Roberto.

726 1832 2436 151 rum, Calicut est Indiae emporium a Lusitanis petitum

731 1921 2390 174 oceani natrigatione ſexdecim ut plurimum mensium. Ex

731 2037 566 134 Munstero

486 2055 2684 209 14 Camarica Cantabrorum urbs in Hispania Victoria est. A

744 2171 2409 174 lij uolunt Victoriam fuisse Vellicam. Ex Robero, Munst

495 2264 2653 192 15 Cambetis Rauricorum pagus in Germania, Caemps est

749 2376 513 129 Ex Roberto

548 2425 2609 187 46 Cambodunum Vindeliciae opp. Monacum est in Banaria

744 2527 2400 161 uulgo Munchen ; alij uolunt essν Kempten. Sunt etiam

753 2621 2426 156 qui Gredant hoc oppidam fuisse ab Antonino candobiana

758 2710 2319 147 dictum ,uel Candilacem, quod tamen Indenburg est in

758 2795 2377 174 Styria. Sed isti uidentur legisse apud Ptolemdum Can

758 2897 2399 165 dobunum, et non Cambodunam, ut est in Graeco codice

762 3009 2395 192 quem in his libris mexime ſequor : ne quis fortasse

753 3134 2426 174 admiretur nomina locorum a me ſaepius aliter referri

740 3250 2346 182 quam in Codicibus uulgatis Ptolemaei passim legatur

771 3348 2408 174 Ex Inscriptionibus antquitatis, Roberto, Munstero, Lazio

526 3450 2636 161 17 Cambria Britannia regio a Cambro Bruti filio, Ascanij a

753 3548 2458 152 nepote dicta, quam̀ Cornavij, Demetae, et Silures in

758 3633 2386 174 coluerunt, Vuallia dicitur. Ex Volater. Polydoro, Iouio

521 3731 2681 165 118 Camicus Siciliae Ciuitas, ubi Cocalus Daedalum poena aſ

744 3834 2052 160 fecit : Inycus dicitur a Charace. Ex Stephano.

530 3914 2672 183 19 Campania Italiae regio a Liri ad Sarnum, in qua fuere

762 4025 2435 170 osci, Graeti, Vmbri, Tuscis et Campani, nunc Ter

762 4128 2413 165 ra Laboris, antea Campi Leborini, olimq. phligraei

771 4248 2444 139 ubi Gigantes cum Dijs Pugnasse dicuntur : quonian teg

771 4320 2417 178 ra ſuapte natura praeliocum concitatrix creditur. He

776 4413 2457 174 rodotus autem Phlegram dicit esse regionem in Tho

780 4525 2422 174 cia, Eudo,xus uero oppidum, Pallenem postea uro

3055 4596 98 143 ca
