3666 5350
441 628 2667 192 235 Colonia uicus in agro Veronensi apud Catullum, Cologna

2876 771 71 98 S

704 789 1222 124 est. Ex Alexandro Guarino.

441 851 2698 156 2 Colonia Traiane in Germania apud Rhenum ubi Legioni

713 954 2453 147 tricesimae Vlpiae ſtatiua fuere, Trechshusem est. Ex Lasie

441 1043 2721 187 27 Colossae urbs piygiae, olim palassae, postea chonae Ioanne

718 1163 2363 156 Nicetae purum Graecarum Scriptoris patria. Ad hos c

718 1275 2417 142 ues Colossenses epistolam D Paulum Scripsisse testa

722 1377 1512 129 tur Theophylactus. Ex eo, Niceta.

463 1422 2765 191 238 Colpede regio Arabum, Apsynothis olim dicta, postea Col

726 1569 1089 129 pilicoruim. Ex Sepho

347 1609 2779 201 24127 Comant oppium paphllagoniae, uel Cataoniae uocatum

740 1743 2350 160 ab Oreste, qui e Tautrica rediens eo toco deposurit

740 1836 2377 170 comam, quam in furore aluerat :. Manteum postea

740 1939 1155 143 dictum. Ex Strabene, Plinio

365 1992 2743 201 29 u4 Comagena castra in Noico, Holenlurg est ad ripum Da

691 2095 811 169 nulios. Ex Lazio.

503 2175 2659 183 242 omagene Syriae rgio, procopij tempoe Euphratisia diu

735 2287 1196 174 bamd ab Euphrano fluuio

508 2385 2587 165 242 Comidaua Daciae opp. Dees uocatur in Tranyluania

744 2474 509 111 Ex Lazio

521 2510 2574 169 213Ceomplutum Carpitanorum urbs in Hispania, Alcala

758 2625 2359 165 de Henares nuncupatur ab Hispanis : quo loco uiget

731 2732 2466 134 phheologiae ſtudium, Schola erecta a Francisco Sime¬

753 2831 1873 151 nez oletano praesute. Ex Grundensi

521 2915 2676 170 244 Concordia, in Germcnia, Cocespergia est in Alsatia. Ex

776 3031 753 125 Beato Rhenano.

704 3058 2422 178 Concordia Venetiae opp. in paludibu, a Stralone ordia

767 3192 548 129 dici uidetur

557 3267 2618 161 245 Condate Rheionum urbs in Gallia, Renes dicitur, ue

780 3370 2368 178 Nantes. Alij tamen uolunt Nantem fuisse Condi

780 3490 2413 139 uicnum Namnetarum urbem, quam Arnius nunc

776 3593 2475 151 Venecial appellari scribit. Ex eo, Duberto, Munſteroe

544 3678 2524 173 216Condrusi Galliae populi, Condroce sunt. Ex Rhellicano

553 3798 2359 143 247 Condyba Lyciae urbs, Candyba uocantur à plinio

570 3874 2560 160 248 Confluentes opp. ad Rhenum, dicitur Coblente. Ex Latio

584 3976 2363 139 uoc onica Galatiae Ciuitas, Ciniata est. Ex Munstero

588 4065 2453 157 usoL onna Magnae phrygiae urbs, Palassa est. Ex Niceta

606 4155 2591 142 281Contacoſs,la emporitm Maesoliae in India intra Gan

838 4244 1944 147 gem, a Lusitanis Cayl uocatur. Ex Munst

602 4329 2577 169 252 Contestani Hispaniae populi, Conseritani ſunt. Ex Mario.

615 4413 2613 188 234 onueni Aquitaniae populi, Bigerenses sunt, Bigerro

811 4507 1989 218 nes ue, Biernenses etium dicu. Ex Munstero
