3698 5310
1049 504 2538 186 125 Molycricum Atoliae oppiduu, Molycria ab Euphorione, Mohyceeri

1279 619 2299 164 n Thucydide dictum ; postea Rhion uocatum fuit. Strabe Pe⟩

1279 721 2286 146 on Molycrion Antirrhium fuisse ait pcormontorium in pr

1288 823 2299 154 ponneso in fimibus Ætoliae, et louidis. Ex illis, Stepho

1049 893 2524 169 126 Mona in Britannico oceano, a Ptolemaeo Monaaeda dicta

1293 1004 2294 150 nunc Maena, Monanna, uel Huic. Sed cum Mona dſt

1288 1092 2285 147 ret olim a Britannia mille tantum passibus , hac ue

1284 1190 2276 133 nunc distet XXX M. aliqu credidnr Monam ipsann

1293 1283 2236 124 esse Angliseam. Ex polydoro, Munstero, Iouio, Castaldo

1058 1345 2383 159 127 Monoecium Iapydiae opp. Manspurgum est. Ex Lazio

1067 1438 2502 141 n8 Monoecus arx, uel, ut Hecataeus uocat, urbs in Liguria

1297 1522 2259 132 Massiliensibus condita, quae portui normen dedit non

1293 1610 2289 129 multarum nec magnarum nauium capaci, uulgo Mon

1306 1672 2028 128 chus dicitur. Ex Srabone, Stephano, Munstero

1023 1752 2519 150 129 Mons acer opp. in Italia, Samarinum est. Ex Blundo

1027 1854 2564 150 130 Mons dolorosus in Britannia, Sterlingum casteum est inS

1279 1951 563 128 tia. Ex Iouio

1049 2013 1267 164 131 Mons maior in Lusitama

1062 2124 2441 128 132 Mons rotundus in Gallia, Berniund est. Ex Martiano

2413 2022 1165 177 orpus hominij dicitur. Ex Man

1067 2181 1151 124 133 Mons ſeuerus Italiae

2347 2203 1231 177 ſMtons niger est, uel Mons d

1284 2270 965 128 cti Ionnnis. Ex Blundo

1054 2336 2519 172 134 Montenniacum Galliae opp, Monteney uocatur. Ex Lazis

1062 2442 2507 164 135 Monticatinus Hispaniae opp. Mactabos dicitur. Ex Marin

1071 2522 2502 190 136 Monticula Istriae opp. Mugia, uel Mugla est, quod fluu

1279 2641 1519 151 nomen dedit. Ex Blundo, Copo.

1058 2721 2520 168 137 Monticulus in Rhaetia, Montiglen appellantur. Ex Lazio

1067 2814 2520 186 138 Montiglum opp. Italiae in agro Iarmensi, ſurontechium est. Ex

1293 2911 345 159 Merula

1089 3013 2489 195 139 Montrauente Lucenssum opp. in Æthruria, Monteamitus

1279 3132 2294 191 tur, a quo us q. ad man per paludes, et Stagrbs Casturs

1297 3221 2290 208 lucensium Dux forissimus iter palis, Saxis q. Stranios

1297 3314 589 164 Ex Tegrino.

1062 3433 2525 164 110 Vorgus Italia fluuius in Gallia Togata, Orchus uocantur

1284 3540 2015 163 inter Taurinum, et Clauascum. Ex Merula¬

1093 3615 2489 190 141 Moschi populi Scythiae in Assa, Moschouitae sunt Alijcae

1288 3725 2299 186 mea putant Moschouitas a Ptolemaeo appellari Mtodacam

1288 3814 2299 190 Quorum regio in docem Ducatus dicuisa protenditur ab⟨

1297 3916 2294 194 ris Alexandri circa Tanaim, usq. add extrema terrarus

1293 4009 2298 216 borealium q. regionum sub ipso feri Septentrionr, longon

1288 4119 2294 177 ditte 2500 M. P. ab ortu Tartaris finitima, ab occus

1284 4208 2294 177 Mare Sarmaticum altingit, ab Aquilono ultimi morta

1279 4296 2325 173 ſium dicuntur esse, ab austero Rusciae, et Lithuaniae finit⟩

1288 4380 2060 235 terminatur. Ex Ioe fabro, Matthia, loutio
