<?xml version="1.0" encoding="UTF-8"?>
<alto xmlns:xsi="http://www.w3.org/2001/XMLSchema-instance"
      xmlns="http://www.loc.gov/standards/alto/ns-v4#"
      xsi:schemaLocation="http://www.loc.gov/standards/alto/ns-v4# http://www.loc.gov/standards/alto/v4/alto-4-2.xsd">
  <Description>
    <MeasurementUnit>pixel</MeasurementUnit>
    <sourceImageInformation>
      <fileName>Cod_174_f136r.tif</fileName>
      
    </sourceImageInformation>
  </Description>
  
  <Tags>
    <OtherTag ID="BT98" LABEL="MainZone" DESCRIPTION="block type MainZone"/><OtherTag ID="BT99" LABEL="RunningTitleZone" DESCRIPTION="block type RunningTitleZone"/><OtherTag ID="BT100" LABEL="QuireMarksZone:catchwords" DESCRIPTION="block type QuireMarksZone:catchwords"/><OtherTag ID="BT101" LABEL="TitlePageZone" DESCRIPTION="block type TitlePageZone"/><OtherTag ID="BT110" LABEL="MarginTextZone:note" DESCRIPTION="block type MarginTextZone:note"/><OtherTag ID="BT111" LABEL="NumberingZone:page" DESCRIPTION="block type NumberingZone:page"/>
    <OtherTag ID="LT41" LABEL="headingLine" DESCRIPTION="line type headingLine"/><OtherTag ID="LT43" LABEL="InterlinearLine:correction" DESCRIPTION="line type InterlinearLine:correction"/><OtherTag ID="LT85" LABEL="DefaultLine" DESCRIPTION="line type DefaultLine"/>
  </Tags>
  
  <Layout>
    <Page WIDTH="3681"
          HEIGHT="5350"
          PHYSICAL_IMG_NR="273"
          ID="eSc_dummypage_">
      <PrintSpace HPOS="0"
                  VPOS="0"
                  WIDTH="3681"
                  HEIGHT="5350">
        
        <TextBlock HPOS="481"
                   VPOS="624"
                   WIDTH="2896"
                   HEIGHT="3954"
                   ID="eSc_textblock_a7eaba0a"
                   TAGREFS="BT98">
          <Shape><Polygon POINTS="910 624 3288 731 3377 3851 3324 4543 660 4578 696 4476 856 4436 856 4297 660 4222 696 3941 588 3348 660 3049 820 2973 798 2866 624 2795 696 2389 606 2068 785 1890 606 1778 535 1177 767 1034 553 976 481 731 535 659 910 624"/></Shape>
          
          
          <TextLine ID="eSc_line_46a335a1"
                    TAGREFS="LT85"
                    BASELINE="901 668 1044 673" 
                    HPOS="896"
                    VPOS="566"
                    WIDTH="148"
                    HEIGHT="129">
            <Shape><Polygon POINTS="901 668 901 566 1039 584 1044 673 1039 695 896 695"/></Shape>
	    <String CONTENT="tio"
                    HPOS="896"
                    VPOS="566"
                    WIDTH="148"
                    HEIGHT="129"></String>
          </TextLine>

          
          
          <TextLine ID="eSc_line_cacb2690"
                    TAGREFS="LT85"
                    BASELINE="1218 682 1436 686" 
                    HPOS="1209"
                    VPOS="521"
                    WIDTH="227"
                    HEIGHT="192">
            <Shape><Polygon POINTS="1218 682 1209 552 1307 521 1311 521 1311 521 1311 521 1316 521 1316 521 1436 539 1436 686 1432 713 1213 713"/></Shape>
	    <String CONTENT="Si"
                    HPOS="1209"
                    VPOS="521"
                    WIDTH="227"
                    HEIGHT="192"></String>
          </TextLine>

          
          
          <TextLine ID="eSc_line_8ca3bd5e"
                    TAGREFS="LT85"
                    BASELINE="1503 695 1615 691" 
                    HPOS="1490"
                    VPOS="535"
                    WIDTH="125"
                    HEIGHT="182">
            <Shape><Polygon POINTS="1503 695 1490 543 1601 535 1615 691 1615 717 1503 717"/></Shape>
	    <String CONTENT="nu"
                    HPOS="1490"
                    VPOS="535"
                    WIDTH="125"
                    HEIGHT="182"></String>
          </TextLine>

          
          
          <TextLine ID="eSc_line_8bcd580e"
                    TAGREFS="LT85"
                    BASELINE="530 735 2119 780 3221 784" 
                    HPOS="526"
                    VPOS="615"
                    WIDTH="2695"
                    HEIGHT="258">
            <Shape><Polygon POINTS="530 735 530 615 1463 677 1735 655 1753 655 1757 655 1757 655 1757 655 1771 655 1842 673 1878 659 1940 637 1940 637 1945 637 1945 637 1949 637 1949 637 1949 637 1954 637 1954 637 1954 637 1958 637 1989 659 2092 650 2092 650 2097 650 2097 650 2097 650 2101 650 2101 650 2105 650 2132 668 2172 691 2221 673 2253 659 2253 659 2257 659 2257 659 2262 659 2262 659 2262 659 2351 677 2364 677 2364 677 2404 646 2404 646 2409 646 2409 646 2409 646 2413 646 2413 646 2418 646 2784 650 2784 650 3216 708 3221 784 3221 815 3069 873 3069 873 3065 873 3065 873 3060 873 3060 873 3060 873 3056 873 3056 873 3056 873 3051 873 3051 873 2980 815 2976 811 2592 811 2592 811 2525 860 2525 860 2520 860 2520 860 2520 860 2516 860 2516 860 2516 864 2346 864 2342 860 1989 851 1989 851 1989 851 1985 851 1985 851 1985 851 1981 851 1981 851 1927 802 1918 802 1815 789 1757 802 1699 811 1699 811 1699 811 1695 811 1695 811 1691 811 1691 811 1691 811 1664 798 1637 784 1606 798 1588 806 1588 806 1588 806 1583 806 1583 806 1579 806 1365 798 1137 784 1119 793 1079 815 1079 815 1079 815 1075 815 1075 815 1075 815 1070 815 1070 815 1066 815 1066 815 1066 815 1061 815 1061 815 1035 793 1026 784 1008 793 981 802 981 802 977 802 977 802 972 802 972 802 972 802 968 802 968 802 941 793 892 771 829 789 758 811 754 811 754 811 754 811 749 811 749 811 745 811 745 811 745 811 740 811 740 811 713 789 709 789 526 789"/></Shape>
	    <String CONTENT="188 Tubra Heispauuiaunis a Tibale Icphae fliannidita, Dibala est rn"
                    HPOS="526"
                    VPOS="615"
                    WIDTH="2695"
                    HEIGHT="258"></String>
          </TextLine>

          
          
          <TextLine ID="eSc_line_99f3b091"
                    TAGREFS="LT85"
                    BASELINE="820 842 1887 847" 
                    HPOS="816"
                    VPOS="757"
                    WIDTH="1071"
                    HEIGHT="130">
            <Shape><Polygon POINTS="820 842 820 757 1882 766 1887 847 1882 882 816 887"/></Shape>
	    <String CONTENT="Regno Nauarrae. Ex Beutero"
                    HPOS="816"
                    VPOS="757"
                    WIDTH="1071"
                    HEIGHT="130"></String>
          </TextLine>

          
          
          <TextLine ID="eSc_line_e3106d2f"
                    TAGREFS="LT85"
                    BASELINE="580 918 3216 918" 
                    HPOS="575"
                    VPOS="820"
                    WIDTH="2650"
                    HEIGHT="156">
            <Shape><Polygon POINTS="580 918 580 820 838 820 838 820 838 820 843 820 843 820 843 820 847 820 932 864 1097 838 1097 838 1102 838 1102 838 1102 838 1106 838 1106 838 1106 838 1110 838 1110 838 1110 842 1133 864 1307 869 1503 869 1525 847 1525 842 1525 842 1530 842 1530 842 1530 842 1534 842 1534 842 1534 842 1539 842 1539 842 1708 864 1820 838 1824 838 1824 838 1829 838 1829 838 1829 838 1976 869 2373 869 2583 842 2654 838 2654 838 2659 838 2659 838 2663 838 2694 847 2775 864 2802 847 2842 820 2846 820 2846 820 2846 820 2851 820 2851 820 2851 820 2855 820 2855 820 2860 820 2860 820 2935 847 2980 864 3051 851 3172 824 3172 824 3172 824 3176 824 3176 824 3181 824 3181 824 3181 824 3185 824 3225 851 3216 918 3216 954 2525 954 2520 954 2476 976 2476 976 2476 976 2471 976 2471 976 2467 976 575 954"/></Shape>
	    <String CONTENT="119 Tuci Hispania Tarraconensis opp. Tucis a Strabone, dicctum, Ag"
                    HPOS="575"
                    VPOS="820"
                    WIDTH="2650"
                    HEIGHT="156"></String>
          </TextLine>

          
          
          <TextLine ID="eSc_line_da9984de"
                    TAGREFS="LT85"
                    BASELINE="838 1012 3145 1025" 
                    HPOS="838"
                    VPOS="918"
                    WIDTH="2307"
                    HEIGHT="165">
            <Shape><Polygon POINTS="838 1012 843 918 914 949 1213 949 1240 922 1240 922 1244 922 1244 922 1244 922 1249 922 1249 922 1249 922 1249 922 1253 922 1258 922 1610 949 3136 940 3145 1025 3136 1065 2940 1056 2918 1070 2895 1083 2891 1083 2891 1083 2886 1083 2886 1083 2886 1083 2882 1083 2882 1083 2882 1083 2810 1070 2752 1056 2645 1070 2512 1083 2512 1083 2507 1083 2507 1083 2507 1083 2503 1083 2503 1083 2503 1083 2498 1083 2498 1083 2485 1070 2471 1061 2440 1070 2387 1078 2387 1078 2387 1078 2382 1078 2239 1070 2012 1052 1909 1070 1851 1078 1851 1078 1851 1078 1847 1078 1847 1078 1784 1070 1673 1052 1490 1070 1427 1074 1427 1074 1423 1074 1423 1074 1418 1074 1418 1074 1418 1074 1414 1074 1409 1070 1374 1047 1186 1047 1164 1070 1160 1070 1160 1074 1160 1074 1155 1074 1155 1074 1155 1074 1151 1074 1151 1074 1151 1078 1039 1078 1035 1074 1035 1074 1008 1070 901 1047 838 1070"/></Shape>
	    <String CONTENT="qustagemela rognominatum, nunc Tucinum Ex idlo, plino"
                    HPOS="838"
                    VPOS="918"
                    WIDTH="2307"
                    HEIGHT="165"></String>
          </TextLine>

          
          
          <TextLine ID="eSc_line_b15497e9"
                    TAGREFS="LT85"
                    BASELINE="838 1119 1378 1105" 
                    HPOS="820"
                    VPOS="1020"
                    WIDTH="558"
                    HEIGHT="143">
            <Shape><Polygon POINTS="838 1119 820 1061 856 1025 856 1020 856 1020 861 1020 861 1020 861 1020 865 1020 865 1020 870 1020 1369 1043 1378 1105 1378 1132 838 1163"/></Shape>
	    <String CONTENT="Mario Aretio"
                    HPOS="820"
                    VPOS="1020"
                    WIDTH="558"
                    HEIGHT="143"></String>
          </TextLine>

          
          
          <TextLine ID="eSc_line_81892dbb"
                    TAGREFS="LT85"
                    BASELINE="580 1217 1409 1208 2056 1172 3181 1177" 
                    HPOS="571"
                    VPOS="1047"
                    WIDTH="2610"
                    HEIGHT="187">
            <Shape><Polygon POINTS="580 1217 571 1141 816 1083 816 1083 816 1083 820 1083 820 1083 825 1083 825 1083 959 1132 1026 1110 1030 1110 1030 1110 1030 1110 1035 1110 1744 1123 1896 1056 1896 1056 1900 1056 1900 1056 1900 1056 2230 1052 2235 1052 2507 1052 2507 1052 2507 1052 2512 1052 2623 1092 2659 1056 2659 1056 2659 1052 2659 1052 2663 1052 2663 1052 2668 1052 2668 1052 2668 1052 2802 1047 2806 1047 2806 1047 2810 1047 2810 1047 2810 1047 2815 1047 2815 1047 2815 1052 2877 1110 3029 1110 3074 1070 3074 1070 3078 1070 3078 1070 3078 1070 3083 1070 3083 1070 3087 1070 3087 1070 3087 1070 3092 1070 3092 1070 3181 1110 3181 1177 3181 1208 580 1234"/></Shape>
	    <String CONTENT="12 Tucris Areuacarum urbs in Hispania, Tubella, Tudella ui est"
                    HPOS="571"
                    VPOS="1047"
                    WIDTH="2610"
                    HEIGHT="187"></String>
          </TextLine>

          
          
          <TextLine ID="eSc_line_50ce899c"
                    TAGREFS="LT85"
                    BASELINE="883 1297 2512 1270" 
                    HPOS="874"
                    VPOS="1194"
                    WIDTH="1638"
                    HEIGHT="139">
            <Shape><Polygon POINTS="883 1297 874 1221 2498 1194 2512 1270 2503 1324 2351 1306 2253 1328 2235 1328 2235 1328 2235 1333 883 1333"/></Shape>
	    <String CONTENT="uirota quandoq. dicta. Ex Beutero, Munsſtero"
                    HPOS="874"
                    VPOS="1194"
                    WIDTH="1638"
                    HEIGHT="139"></String>
          </TextLine>

          
          
          <TextLine ID="eSc_line_f66d6e07"
                    TAGREFS="LT85"
                    BASELINE="588 1382 1619 1391 3203 1355" 
                    HPOS="575"
                    VPOS="1252"
                    WIDTH="2628"
                    HEIGHT="170">
            <Shape><Polygon POINTS="588 1382 575 1310 655 1284 660 1284 660 1284 660 1284 664 1284 986 1301 1213 1310 2061 1279 2065 1279 2543 1292 2583 1266 2592 1257 2592 1257 2596 1257 2596 1257 2601 1257 2601 1257 2601 1257 2605 1257 2605 1257 2659 1261 2797 1279 3190 1252 3203 1355 3199 1404 3087 1386 2958 1408 2940 1408 2940 1408 2940 1408 2935 1408 2895 1408 2659 1391 2195 1413 1931 1422 1927 1422 584 1417"/></Shape>
	    <String CONTENT="147 Tudae Gracionum opp. in Hispania a Socijs Domedis conditum, Tur⟨s⟩"
                    HPOS="575"
                    VPOS="1252"
                    WIDTH="2628"
                    HEIGHT="170"></String>
          </TextLine>

          
          
          <TextLine ID="eSc_line_73769a3b"
                    TAGREFS="LT85"
                    BASELINE="865 1484 3132 1453" 
                    HPOS="861"
                    VPOS="1364"
                    WIDTH="2271"
                    HEIGHT="147">
            <Shape><Polygon POINTS="865 1484 861 1391 1137 1408 1168 1386 1168 1382 1168 1382 1173 1382 1173 1382 1173 1382 1177 1382 1177 1382 1182 1382 1472 1382 1472 1382 1472 1382 1476 1382 1476 1382 1476 1382 1476 1382 1481 1382 1481 1382 1508 1404 1606 1382 1606 1382 1606 1382 1606 1382 1610 1382 1610 1382 1610 1382 1820 1399 2079 1373 2150 1368 2150 1368 2155 1368 2226 1373 2462 1391 3118 1364 3132 1453 3127 1493 2882 1475 2726 1498 2686 1502 2686 1502 2681 1502 2681 1502 2650 1498 2543 1480 2516 1498 2516 1502 2516 1502 2512 1502 2512 1502 2512 1502 2507 1502 2507 1502 2507 1502 2503 1502 2503 1502 2467 1498 2342 1484 2315 1502 2311 1506 2311 1506 2306 1506 2306 1506 2306 1506 2302 1506 2302 1506 2297 1506 2297 1506 2297 1506 2293 1506 2293 1506 2275 1502 2235 1484 2043 1484 2030 1502 2021 1506 2021 1511 2021 1511 2016 1511 2016 1511 2016 1511 2012 1511 2012 1511 2007 1511 861 1506"/></Shape>
	    <String CONTENT="dicitur. Alij credut Tuy fuisse Turuptianam. Ex Rob. Muunst"
                    HPOS="861"
                    VPOS="1364"
                    WIDTH="2271"
                    HEIGHT="147"></String>
          </TextLine>

          
          
          <TextLine ID="eSc_line_31a578bd"
                    TAGREFS="LT85"
                    BASELINE="615 1569 1771 1569 2454 1542" 
                    HPOS="597"
                    VPOS="1448"
                    WIDTH="1857"
                    HEIGHT="174">
            <Shape><Polygon POINTS="615 1569 597 1498 638 1466 638 1466 642 1466 642 1466 642 1466 646 1466 646 1466 646 1466 651 1466 977 1489 1039 1493 1079 1489 1173 1471 1173 1471 1173 1471 1177 1471 1177 1471 1177 1471 1240 1484 1262 1489 1276 1484 1316 1462 1316 1462 1316 1462 1320 1462 1320 1462 1320 1462 1325 1462 1325 1462 1427 1480 1481 1489 1499 1480 1512 1466 1517 1466 1517 1466 1517 1466 1521 1466 1521 1466 1525 1466 1753 1471 2056 1480 2181 1462 2244 1453 2244 1453 2248 1453 2248 1453 2253 1453 2253 1453 2271 1457 2324 1480 2346 1457 2355 1453 2355 1448 2355 1448 2360 1448 2360 1448 2360 1448 2364 1448 2364 1448 2369 1448 2369 1448 2445 1457 2454 1542 2454 1569 2195 1573 2195 1578 2168 1600 2168 1600 2163 1600 2163 1600 2163 1600 2159 1600 2159 1600 2159 1600 2155 1600 2155 1600 2150 1600 2070 1578 2061 1578 2056 1578 1998 1609 1998 1609 1998 1609 1994 1609 1994 1609 1994 1609 1989 1609 1989 1609 1985 1609 1985 1609 1931 1591 1824 1613 1824 1613 1824 1618 1624 1618 1619 1613 1619 1613 1615 1613 1615 1613 1561 1591 1543 1582 1534 1591 1499 1618 1499 1618 1494 1618 1494 1618 1494 1618 1490 1618 1490 1618 1490 1622 1200 1622 1195 1618 1195 1618 1191 1618 1191 1618 1191 1618 1186 1618 1186 1618 1168 1600 1168 1600 1164 1600 1146 1618 1146 1618 1142 1618 1142 1618 1142 1618 1137 1618 1137 1618 1137 1618 1133 1618 1133 1618 1003 1605 972 1600 963 1605 936 1622 932 1622 932 1622 928 1622 928 1622 928 1622 923 1622 923 1622 919 1622 919 1622 919 1622 883 1605 856 1591 615 1609"/></Shape>
	    <String CONTENT="148 Tuderdum Italiae opp. Muierorunes. Ex Anmio"
                    HPOS="597"
                    VPOS="1448"
                    WIDTH="1857"
                    HEIGHT="174"></String>
          </TextLine>

          
          
          <TextLine ID="eSc_line_dc3b337e"
                    TAGREFS="LT85"
                    BASELINE="646 1662 1909 1658 2868 1618" 
                    HPOS="629"
                    VPOS="1533"
                    WIDTH="2239"
                    HEIGHT="174">
            <Shape><Polygon POINTS="646 1662 629 1596 673 1569 678 1569 678 1569 682 1569 682 1569 682 1569 687 1569 923 1587 968 1564 968 1564 968 1564 972 1564 972 1564 972 1564 977 1564 977 1564 981 1564 1070 1591 1097 1596 1110 1587 1155 1564 1155 1564 1155 1564 1160 1564 1160 1564 1160 1564 1164 1564 1164 1564 1338 1587 1396 1591 1427 1582 1521 1555 1525 1555 1525 1555 1530 1555 1530 1555 1530 1555 1534 1555 1534 1555 1597 1582 1610 1587 1851 1587 1865 1578 1923 1555 1923 1555 1927 1555 1927 1555 1931 1555 1931 1555 1931 1555 2039 1573 2061 1578 2065 1573 2101 1547 2101 1547 2105 1547 2105 1547 2110 1547 2110 1547 2110 1547 2114 1547 2114 1547 2114 1547 2119 1547 2195 1573 2204 1573 2217 1573 2418 1538 2418 1538 2422 1538 2422 1538 2422 1538 2427 1538 2520 1569 2529 1569 2547 1569 2748 1533 2748 1533 2752 1533 2752 1533 2752 1533 2757 1533 2864 1564 2868 1618 2868 1658 646 1707"/></Shape>
	    <String CONTENT="1449 Tuerobis Britanniae fluuius, Abedeu dicitur. Ex Munſta"
                    HPOS="629"
                    VPOS="1533"
                    WIDTH="2239"
                    HEIGHT="174"></String>
          </TextLine>

          
          
          <TextLine ID="eSc_line_2311e98c"
                    TAGREFS="LT85"
                    BASELINE="651 1765 2654 1725 3208 1680" 
                    HPOS="642"
                    VPOS="1618"
                    WIDTH="2566"
                    HEIGHT="192">
            <Shape><Polygon POINTS="651 1765 642 1694 829 1667 829 1667 834 1667 1026 1680 1106 1685 1133 1676 1191 1658 1195 1658 1195 1658 1195 1658 1200 1658 1200 1658 1200 1658 1204 1658 1253 1671 1293 1685 1668 1680 1691 1662 1704 1649 1704 1649 1708 1649 1708 1649 1708 1649 1713 1649 1713 1649 1717 1649 1717 1649 1717 1649 1722 1649 1722 1649 1744 1658 1775 1671 1891 1654 1936 1649 1936 1649 1940 1649 1940 1649 1976 1654 2105 1667 2221 1645 2297 1631 2297 1631 2297 1631 2302 1631 2418 1640 2610 1654 2641 1631 2650 1622 2650 1622 2654 1622 2654 1622 2654 1622 2659 1622 2659 1622 2659 1622 2663 1622 2663 1622 2712 1631 2824 1649 3194 1618 3208 1680 3208 1729 651 1810"/></Shape>
	    <String CONTENT="150 Iuesis Vacomagrum urbs in Britonnia, Vueruuy k est in Scet"
                    HPOS="642"
                    VPOS="1618"
                    WIDTH="2566"
                    HEIGHT="192"></String>
          </TextLine>

          
          
          <TextLine ID="eSc_line_39c37d75"
                    TAGREFS="LT85"
                    BASELINE="870 1836 2016 1832 3216 1778" 
                    HPOS="861"
                    VPOS="1707"
                    WIDTH="2355"
                    HEIGHT="196">
            <Shape><Polygon POINTS="870 1836 861 1783 3203 1707 3216 1778 3212 1841 2329 1841 2311 1859 2293 1872 2293 1876 2293 1876 2288 1876 2288 1876 2288 1876 2284 1876 2284 1876 2279 1876 2279 1876 2279 1876 2186 1859 2159 1854 2150 1859 2114 1881 2110 1881 2110 1881 2105 1881 2105 1881 2105 1881 2101 1881 2101 1881 2101 1881 2012 1863 1994 1859 1981 1863 1909 1885 1905 1885 1905 1885 1905 1885 1900 1885 1900 1885 1900 1885 1793 1868 1575 1894 1575 1894 1570 1894 1316 1872 1249 1868 1128 1868 1124 1876 1097 1899 1097 1903 1097 1903 1093 1903 1093 1903 1093 1903 1088 1903 1088 1903 1084 1903 1084 1903 865 1876"/></Shape>
	    <String CONTENT="rum fmbus Alij uredunt Vueruytt fuise Ordolucarum. Ex prio"
                    HPOS="861"
                    VPOS="1707"
                    WIDTH="2355"
                    HEIGHT="196"></String>
          </TextLine>

          
          
          <TextLine ID="eSc_line_6239123a"
                    TAGREFS="LT85"
                    BASELINE="883 1930 1467 1917" 
                    HPOS="878"
                    VPOS="1827"
                    WIDTH="589"
                    HEIGHT="143">
            <Shape><Polygon POINTS="883 1930 878 1841 1061 1859 1155 1845 1267 1827 1267 1827 1271 1827 1271 1827 1459 1854 1467 1917 1463 1943 1267 1970 1267 1970 1262 1970 878 1952"/></Shape>
	    <String CONTENT="doro, Munstero"
                    HPOS="878"
                    VPOS="1827"
                    WIDTH="589"
                    HEIGHT="143"></String>
          </TextLine>

          
          
          <TextLine ID="eSc_line_772c33f3"
                    TAGREFS="LT85"
                    BASELINE="883 2001 2329 1979 2873 1921 3172 1917" 
                    HPOS="878"
                    VPOS="1832"
                    WIDTH="2294"
                    HEIGHT="232">
            <Shape><Polygon POINTS="883 2001 883 1917 954 1939 1021 1912 1039 1903 1039 1903 1044 1903 1044 1903 1044 1903 1048 1903 1048 1903 1052 1903 1070 1908 1177 1939 1552 1908 1557 1908 1887 1921 2034 1917 2074 1872 2083 1863 2083 1863 2083 1859 2083 1859 2088 1859 2088 1859 2092 1859 2092 1859 2092 1859 2097 1859 2097 1859 2097 1859 2101 1859 2101 1859 2123 1868 2221 1912 2512 1908 2623 1890 2663 1850 2663 1850 2663 1845 2663 1845 2668 1845 2668 1845 2668 1845 2672 1845 2672 1845 2672 1845 3158 1832 3172 1917 3172 1961 2793 1975 2748 2015 2748 2019 2748 2019 2744 2019 2744 2019 2739 2019 2739 2019 2739 2019 2735 2019 2735 2019 2730 2019 2587 1983 2387 2028 2387 2028 2387 2028 2012 2037 2007 2037 2007 2037 2003 2037 2003 2037 1940 2015 1882 2041 1882 2041 1882 2041 1878 2041 1878 2041 1873 2041 1873 2041 1873 2041 1869 2041 1798 2019 1677 2046 1677 2046 1677 2046 1673 2046 1334 2037 1164 2059 1164 2059 1160 2059 1160 2059 1160 2059 1155 2059 1155 2059 1155 2059 1151 2059 1097 2019 1048 2064 1048 2064 1044 2064 1044 2064 1044 2064 1039 2064 1039 2064 1039 2064 1035 2064 1035 2064 1035 2064 878 2024"/></Shape>
	    <String CONTENT="usi ſuiu in Britannia tunede nunc uocatr. Ex Munsſtero"
                    HPOS="878"
                    VPOS="1832"
                    WIDTH="2294"
                    HEIGHT="232"></String>
          </TextLine>

          
          
          <TextLine ID="eSc_line_e5addb8e"
                    TAGREFS="LT85"
                    BASELINE="655 2095 2186 2082 3257 2019" 
                    HPOS="642"
                    VPOS="1930"
                    WIDTH="2615"
                    HEIGHT="210">
            <Shape><Polygon POINTS="655 2095 642 1997 852 1988 856 1988 856 1988 856 1988 870 1988 1088 2032 1329 2001 1329 2001 1334 2001 1334 2001 1534 2024 1923 1988 1927 1988 1927 1988 2114 2006 2137 1988 2137 1983 2137 1983 2141 1983 2141 1983 2141 1983 2146 1983 2146 1983 2146 1983 2150 1983 2150 1983 2155 1983 2253 2006 2507 1961 2507 1961 2507 1961 2512 1961 2512 1961 2726 1992 2770 1957 2770 1952 2770 1952 2775 1952 2775 1952 2779 1952 2779 1952 2779 1952 2784 1952 2784 1952 2935 1975 3020 1939 3020 1939 3025 1939 3025 1939 3025 1939 3029 1939 3029 1939 3029 1939 3034 1939 3034 1939 3038 1939 3074 1961 3243 1930 3257 2019 3257 2086 655 2140"/></Shape>
	    <String CONTENT="131 Tuliphardum Germaniae opp. Gostingen est. Vel caerte Gulingen fui"
                    HPOS="642"
                    VPOS="1930"
                    WIDTH="2615"
                    HEIGHT="210"></String>
          </TextLine>

          
          
          <TextLine ID="eSc_line_b0bfe502"
                    TAGREFS="LT85"
                    BASELINE="887 2184 2195 2171" 
                    HPOS="870"
                    VPOS="2099"
                    WIDTH="1325"
                    HEIGHT="134">
            <Shape><Polygon POINTS="887 2184 870 2126 905 2099 905 2099 910 2099 910 2099 910 2099 914 2099 914 2099 919 2099 2186 2099 2195 2171 2186 2224 1931 2202 1641 2220 1499 2229 1494 2229 1494 2229 1414 2220 1320 2206 1289 2215 1249 2233 1249 2233 1244 2233 1244 2233 1244 2233 1240 2233 883 2211"/></Shape>
	    <String CONTENT="Munitium. Ex Robero, Munstero,"
                    HPOS="870"
                    VPOS="2099"
                    WIDTH="1325"
                    HEIGHT="134"></String>
          </TextLine>

          
          
          <TextLine ID="eSc_line_f7d30bfd"
                    TAGREFS="LT85"
                    BASELINE="664 2260 1887 2260 3257 2202" 
                    HPOS="655"
                    VPOS="2113"
                    WIDTH="2602"
                    HEIGHT="223">
            <Shape><Polygon POINTS="664 2260 655 2166 887 2162 892 2162 892 2162 896 2162 901 2162 1039 2206 1258 2202 1298 2162 1298 2162 1298 2157 1298 2157 1302 2157 1302 2157 1302 2157 1307 2157 1307 2157 1311 2157 1311 2157 1311 2157 1316 2157 1316 2157 1316 2157 1320 2157 1378 2193 1405 2171 1405 2171 1409 2171 1409 2171 1409 2171 1414 2171 1414 2171 1418 2171 1418 2171 1418 2171 1423 2171 1508 2193 1878 2189 1900 2166 1900 2162 1900 2162 1905 2162 1905 2162 1905 2162 1909 2162 1909 2162 1909 2162 1914 2162 1914 2162 1918 2162 1918 2162 1918 2162 1923 2162 1958 2184 2114 2184 2150 2153 2172 2135 2172 2135 2177 2135 2177 2135 2177 2135 2181 2135 2181 2135 2186 2135 2186 2135 2186 2135 2190 2135 2190 2135 2195 2135 2221 2153 2262 2175 2485 2175 2525 2153 2583 2122 2583 2122 2583 2122 2587 2122 2587 2122 2592 2122 2592 2122 2592 2122 2735 2148 2775 2157 2802 2148 2851 2131 2851 2131 2855 2131 2855 2131 2860 2131 2860 2131 2860 2131 2864 2131 2918 2144 2953 2113 2953 2113 2958 2113 2958 2113 2958 2113 2962 2113 2962 2113 2967 2113 2967 2113 3248 2148 3257 2202 3257 2238 2793 2247 2775 2255 2752 2273 2748 2273 2748 2273 2744 2273 2744 2273 2744 2273 2739 2273 2543 2264 2400 2260 2387 2273 2364 2291 2364 2296 2364 2296 2360 2296 2360 2296 2360 2296 2355 2296 2355 2296 2351 2296 2351 2296 2351 2296 2346 2296 2346 2296 2297 2273 2279 2264 2257 2278 2217 2296 2217 2296 2217 2296 2213 2296 2213 2296 2213 2296 2208 2296 2208 2296 2204 2296 2146 2278 2101 2269 2052 2282 1989 2304 1985 2304 1985 2304 1985 2304 1981 2304 1981 2304 1873 2291 1842 2287 1811 2291 1731 2309 1731 2309 1731 2309 1726 2309 1726 2309 1726 2309 1722 2309 1722 2309 1722 2309 1717 2309 1717 2309 1704 2296 1691 2287 1570 2300 1418 2318 1418 2322 1280 2322 1276 2318 1276 2318 1271 2318 1271 2318 1271 2318 1267 2318 1267 2313 1262 2313 1231 2287 1088 2318 1039 2327 1039 2327 1039 2327 1035 2327 1035 2327 994 2322 861 2296 825 2327 825 2327 825 2331 825 2331 820 2331 820 2331 820 2331 816 2331 816 2331 816 2336 664 2336"/></Shape>
	    <String CONTENT="132 uliſargium Germniae op. dicitutr Brunsuich, quosi Brunonm"
                    HPOS="655"
                    VPOS="2113"
                    WIDTH="2602"
                    HEIGHT="223"></String>
          </TextLine>

          
          
          <TextLine ID="eSc_line_b26935bb"
                    TAGREFS="LT85"
                    BASELINE="843 2349 1873 2345 3257 2291" 
                    HPOS="838"
                    VPOS="2211"
                    WIDTH="2419"
                    HEIGHT="196">
            <Shape><Polygon POINTS="843 2349 838 2278 1003 2296 1168 2264 1191 2264 1191 2264 1195 2264 1195 2264 1195 2264 1200 2264 1204 2264 1276 2287 1994 2273 2074 2242 2074 2242 2079 2242 2079 2242 2079 2242 2083 2242 2083 2242 2088 2242 2088 2242 2177 2264 2257 2238 2257 2238 2257 2238 2262 2238 2262 2238 2266 2238 2266 2238 2266 2238 2266 2238 2271 2238 2342 2260 2369 2238 2369 2233 2369 2233 2373 2233 2373 2233 2373 2233 2373 2233 2378 2233 2378 2233 2382 2233 2409 2233 2824 2247 2868 2220 2873 2220 2873 2220 2873 2220 2873 2220 2877 2220 2877 2220 2877 2220 3243 2211 3257 2291 3248 2340 2918 2340 2833 2354 2694 2371 2694 2371 2690 2371 2690 2371 2592 2358 2538 2349 2529 2358 2520 2371 2516 2371 2516 2376 2516 2376 2512 2376 2512 2376 2512 2376 2507 2376 2507 2376 2507 2376 2284 2380 2279 2380 2279 2380 2275 2380 2226 2367 2199 2358 2186 2367 2159 2385 2155 2385 2155 2385 2150 2385 2150 2385 2150 2385 1829 2394 1824 2394 1619 2380 1561 2376 1517 2380 1343 2407 1343 2407 1338 2407 838 2394"/></Shape>
	    <String CONTENT="uicus a Brunone Saxonum Duce Ludolphi flio instauratum"
                    HPOS="838"
                    VPOS="2211"
                    WIDTH="2419"
                    HEIGHT="196"></String>
          </TextLine>

          
          
          <TextLine ID="eSc_line_48276189"
                    TAGREFS="LT85"
                    BASELINE="887 2429 1744 2429" 
                    HPOS="887"
                    VPOS="2354"
                    WIDTH="857"
                    HEIGHT="115">
            <Shape><Polygon POINTS="887 2429 887 2354 1744 2362 1744 2429 1744 2452 887 2469"/></Shape>
	    <String CONTENT="Ex Orangio, Gaurito"
                    HPOS="887"
                    VPOS="2354"
                    WIDTH="857"
                    HEIGHT="115"></String>
          </TextLine>

          
          
          <TextLine ID="eSc_line_c3ae3e9f"
                    TAGREFS="LT85"
                    BASELINE="682 2510 2056 2510 3038 2461" 
                    HPOS="678"
                    VPOS="2385"
                    WIDTH="2360"
                    HEIGHT="174">
            <Shape><Polygon POINTS="682 2510 678 2420 1423 2438 1459 2416 1463 2416 1463 2416 1463 2416 1467 2416 1467 2416 1472 2416 1869 2429 1909 2403 1914 2403 1914 2403 1914 2403 1918 2403 1918 2403 1923 2403 1923 2403 1923 2403 1927 2403 1927 2403 1927 2403 1931 2403 1967 2429 2039 2398 2039 2398 2039 2398 2043 2398 2043 2398 2043 2398 2047 2398 2047 2398 2052 2398 2052 2398 2052 2398 2052 2398 2056 2398 2097 2425 2400 2403 2404 2403 2404 2403 2404 2403 2520 2420 3025 2385 3038 2461 3034 2523 2810 2501 2574 2532 2529 2536 2529 2536 2525 2536 2467 2532 2253 2518 2181 2536 2168 2541 2163 2541 2163 2541 2163 2541 1383 2554 1378 2554 1378 2554 1374 2554 1374 2554 1374 2554 1365 2550 1311 2527 682 2559"/></Shape>
	    <String CONTENT="135 T ullum Galiae Belgica opp. Tulle,et Toul est. Ex Munstero"
                    HPOS="678"
                    VPOS="2385"
                    WIDTH="2360"
                    HEIGHT="174"></String>
          </TextLine>

          
          
          <TextLine ID="eSc_line_9dfecae4"
                    TAGREFS="LT85"
                    BASELINE="696 2603 2694 2594 3279 2563" 
                    HPOS="687"
                    VPOS="2487"
                    WIDTH="2592"
                    HEIGHT="170">
            <Shape><Polygon POINTS="696 2603 687 2523 972 2505 977 2505 977 2505 977 2505 981 2505 981 2505 981 2505 986 2505 986 2505 986 2510 999 2518 1021 2545 1106 2545 1151 2518 1168 2510 1168 2510 1168 2510 1173 2510 1173 2510 1173 2510 1334 2501 1338 2501 1338 2501 1338 2501 1343 2501 1343 2501 1343 2501 1378 2518 1409 2536 1499 2518 1543 2510 1543 2510 1543 2510 1548 2510 1548 2510 1552 2510 1552 2510 1552 2510 1557 2510 1557 2510 1557 2514 1561 2518 1583 2541 1762 2541 1896 2518 2007 2501 2007 2501 2012 2501 2012 2501 2012 2501 2016 2501 2016 2501 2016 2501 2021 2501 2043 2514 2070 2536 2293 2536 2320 2514 2351 2492 2355 2492 2355 2492 2355 2492 2360 2492 2360 2492 2360 2492 2364 2492 2364 2492 2369 2492 2369 2492 2431 2514 2454 2523 2462 2514 2489 2492 2489 2492 2494 2492 2494 2492 2494 2492 2498 2492 2498 2492 2503 2492 2503 2492 2503 2492 2507 2492 2574 2514 2614 2527 2628 2514 2650 2496 2650 2492 2650 2492 2654 2492 2654 2492 2659 2492 2659 2492 2659 2492 2663 2492 2663 2492 2663 2492 2668 2492 2668 2492 2672 2492 2672 2492 2672 2496 2694 2514 2712 2532 2770 2532 2819 2514 2900 2487 2904 2487 2904 2487 2904 2487 2909 2487 3270 2514 3279 2563 3274 2639 2873 2621 2842 2639 2842 2643 2842 2643 2837 2643 2837 2643 2837 2643 2833 2643 2833 2643 2833 2648 2498 2648 2494 2643 2494 2643 2489 2643 2489 2643 2485 2643 2480 2639 2440 2617 2168 2639 2043 2648 2039 2648 2039 2648 1914 2639 1802 2630 1789 2639 1771 2652 1771 2652 1766 2652 1766 2652 1762 2652 1762 2652 1762 2652 1757 2652 1757 2652 1757 2652 1691 2639 1650 2630 1592 2639 1490 2652 1490 2652 1485 2652 1485 2652 1485 2652 1481 2652 1481 2652 1481 2652 1476 2652 1476 2652 1476 2648 1463 2639 1450 2625 1249 2625 1240 2639 1218 2657 1218 2657 1213 2657 1213 2657 1213 2657 1209 2657 1209 2657 1209 2657 1204 2657 1204 2657 1200 2657 1200 2657 1200 2657 1195 2657 1168 2639 1155 2630 1142 2639 1093 2657 1093 2657 1088 2657 1088 2657 1088 2657 1084 2657 1084 2657 1084 2657 990 2639 954 2630 910 2634 780 2657 780 2657 776 2657 776 2657 771 2657 687 2634"/></Shape>
	    <String CONTENT="194 uniates Italiae montes nunc dicintur Radicophani, uel Sanaers"
                    HPOS="687"
                    VPOS="2487"
                    WIDTH="2592"
                    HEIGHT="170"></String>
          </TextLine>

          
          
          <TextLine ID="eSc_line_069c2038"
                    TAGREFS="LT85"
                    BASELINE="861 2683 2525 2679" 
                    HPOS="847"
                    VPOS="2599"
                    WIDTH="1678"
                    HEIGHT="142">
            <Shape><Polygon POINTS="861 2683 847 2621 932 2599 936 2599 936 2599 941 2599 941 2599 941 2599 945 2599 945 2599 950 2599 981 2621 990 2625 1253 2625 1262 2621 1334 2599 1338 2599 1338 2599 1343 2599 1343 2599 1530 2621 1539 2621 1543 2621 1655 2599 1655 2599 1655 2599 1659 2599 1659 2599 1664 2599 1664 2599 1664 2599 1668 2599 1668 2599 1668 2603 1691 2621 1691 2625 1976 2625 2012 2625 2168 2599 2168 2599 2172 2599 2172 2599 2172 2599 2275 2621 2297 2603 2297 2599 2297 2599 2302 2599 2302 2599 2302 2599 2306 2599 2306 2599 2311 2599 2462 2599 2462 2599 2462 2599 2467 2599 2467 2599 2467 2599 2520 2625 2525 2679 2516 2719 2043 2706 1619 2732 1534 2737 1530 2737 1530 2737 1530 2737 1525 2737 1525 2737 1521 2737 1521 2737 1521 2732 1521 2732 1485 2706 1374 2706 1298 2737 1298 2737 1298 2737 1293 2737 1293 2737 1293 2737 1289 2737 1289 2737 1289 2737 1285 2737 1285 2737 1209 2710 1182 2732 1182 2737 1182 2737 1177 2737 1177 2737 1177 2737 1173 2737 1173 2737 1173 2737 1168 2737 1168 2737 1168 2737 981 2715 865 2741"/></Shape>
	    <String CONTENT="flora. Ex Amio, Decharatione Vbum Itala"
                    HPOS="847"
                    VPOS="2599"
                    WIDTH="1678"
                    HEIGHT="142"></String>
          </TextLine>

          
          
          <TextLine ID="eSc_line_71f868d2"
                    TAGREFS="LT85"
                    BASELINE="673 2790 3252 2750" 
                    HPOS="664"
                    VPOS="2657"
                    WIDTH="2588"
                    HEIGHT="178">
            <Shape><Polygon POINTS="673 2790 664 2688 923 2715 954 2688 954 2683 954 2683 954 2683 959 2683 959 2683 959 2683 963 2683 963 2683 968 2683 968 2683 968 2683 972 2683 977 2683 1066 2710 1195 2688 1195 2688 1195 2688 1200 2688 1200 2688 1204 2688 1204 2688 1280 2715 1365 2683 1374 2679 1374 2679 1378 2679 1378 2679 1383 2679 1383 2679 1383 2679 1387 2679 1387 2679 1396 2683 1467 2715 1891 2710 1918 2679 1923 2679 1923 2675 1923 2675 1927 2675 1927 2675 1927 2675 1931 2675 1931 2675 1931 2675 1936 2675 1936 2675 1940 2675 1940 2675 1954 2679 1994 2692 2052 2679 2114 2666 2114 2666 2114 2666 2119 2666 2119 2666 2119 2666 2123 2666 2159 2679 2195 2688 2311 2679 2355 2675 2355 2675 2360 2675 2360 2675 2364 2675 2364 2675 2364 2675 2369 2675 2369 2675 2369 2679 2395 2701 2583 2701 2628 2675 2663 2657 2663 2657 2663 2657 2668 2657 2668 2657 2672 2657 2882 2657 2882 2657 2882 2657 2886 2657 2886 2657 2886 2657 2891 2657 2913 2675 2944 2692 3239 2675 3252 2750 3243 2795 2677 2782 2619 2808 2605 2813 2605 2813 2601 2813 2601 2813 2601 2813 2596 2813 2596 2813 2547 2808 2413 2790 2302 2813 2266 2817 2266 2817 2266 2817 2262 2817 2262 2817 2257 2817 2239 2813 2159 2790 2119 2813 2110 2822 2105 2822 2105 2822 2105 2822 2101 2822 2101 2822 2097 2822 2097 2822 2097 2822 2092 2822 2092 2822 2088 2822 2088 2822 2083 2817 2056 2799 1914 2817 1869 2822 1869 2822 1865 2822 1865 2822 1865 2822 1860 2822 1860 2822 1860 2822 1856 2822 1856 2817 1824 2799 1807 2817 1807 2822 1802 2822 1802 2826 1802 2826 1798 2826 1798 2826 1793 2826 1793 2826 1793 2826 1789 2826 1789 2826 1735 2822 1588 2799 1459 2826 1441 2826 1441 2826 1436 2826 1436 2826 1436 2826 1423 2826 1325 2804 1262 2826 1244 2835 1244 2835 1240 2835 1240 2835 1240 2835 1235 2835 1235 2835 1186 2831 1052 2808 1021 2831 1017 2835 1012 2835 1012 2835 1012 2835 1008 2835 1008 2835 1003 2835 1003 2835 963 2831 780 2813 673 2835"/></Shape>
	    <String CONTENT="155 ude Vilumbrorum opp. in Italia, Tuder a Silio dicitur, aSte"
                    HPOS="664"
                    VPOS="2657"
                    WIDTH="2588"
                    HEIGHT="178"></String>
          </TextLine>

          
          
          <TextLine ID="eSc_line_0124c2da"
                    TAGREFS="LT85"
                    BASELINE="874 2880 3230 2848" 
                    HPOS="870"
                    VPOS="2764"
                    WIDTH="2360"
                    HEIGHT="169">
            <Shape><Polygon POINTS="874 2880 870 2790 1061 2813 1240 2786 1276 2782 1276 2782 1280 2782 1280 2782 1325 2786 1539 2808 1766 2808 1820 2782 1833 2777 1833 2777 1838 2777 1838 2777 1838 2777 1842 2777 1918 2782 2208 2799 2636 2795 2668 2773 2681 2764 2686 2764 2686 2764 2686 2764 2690 2764 2690 2764 2694 2764 3221 2773 3230 2848 3225 2880 1873 2920 1869 2920 1780 2915 1548 2897 1467 2920 1459 2924 1454 2924 1454 2924 1454 2924 1450 2924 1401 2924 1115 2906 874 2933"/></Shape>
	    <String CONTENT="phano Tyderta, a Strabone Inisi menda incodicoſit. ) Tu"
                    HPOS="870"
                    VPOS="2764"
                    WIDTH="2360"
                    HEIGHT="169"></String>
          </TextLine>

          
          
          <TextLine ID="eSc_line_918a4b54"
                    TAGREFS="LT85"
                    BASELINE="874 2987 3279 2946" 
                    HPOS="865"
                    VPOS="2866"
                    WIDTH="2414"
                    HEIGHT="143">
            <Shape><Polygon POINTS="874 2987 865 2924 972 2897 972 2897 972 2897 977 2897 977 2897 977 2897 1079 2915 1124 2889 1128 2889 1128 2889 1133 2889 1133 2889 1133 2889 1137 2889 1137 2889 1325 2911 1521 2884 1521 2884 1525 2884 1847 2902 1873 2902 1878 2902 1931 2875 1931 2875 1931 2875 1936 2875 1936 2875 1940 2875 1940 2875 2141 2897 2172 2897 2226 2893 2547 2866 2552 2866 3270 2875 3279 2946 3279 2987 874 3009"/></Shape>
	    <String CONTENT="dereuelcis, a Volaterrano Tudertum, nun Iodi in Spoleti D"
                    HPOS="865"
                    VPOS="2866"
                    WIDTH="2414"
                    HEIGHT="143"></String>
          </TextLine>

          
          
          <TextLine ID="eSc_line_5adaec38"
                    TAGREFS="LT85"
                    BASELINE="883 3076 2369 3049" 
                    HPOS="874"
                    VPOS="2978"
                    WIDTH="1495"
                    HEIGHT="142">
            <Shape><Polygon POINTS="883 3076 874 3013 1142 2982 1142 2982 1146 2982 1343 3000 1356 2982 1360 2982 1360 2978 1360 2978 1365 2978 1365 2978 1365 2978 1369 2978 1369 2978 1374 2978 2360 2987 2369 3049 2364 3071 1356 3111 1351 3111 1298 3107 1142 3094 1128 3111 1124 3111 1124 3111 1124 3116 1124 3116 1119 3116 1119 3116 1119 3116 1115 3116 1115 3116 1110 3116 1110 3116 1088 3116 950 3098 887 3120"/></Shape>
	    <String CONTENT="catu. Ex Declaratione trbium Itabr"
                    HPOS="874"
                    VPOS="2978"
                    WIDTH="1495"
                    HEIGHT="142"></String>
          </TextLine>

          
          
          <TextLine ID="eSc_line_523de668"
                    TAGREFS="LT85"
                    BASELINE="678 3147 1351 3156 3288 3107" 
                    HPOS="673"
                    VPOS="3000"
                    WIDTH="2615"
                    HEIGHT="201">
            <Shape><Polygon POINTS="678 3147 673 3058 1280 3080 1927 3071 2105 3036 2105 3036 2110 3036 2110 3036 2351 3058 2552 3013 2565 3013 2565 3013 2565 3013 2570 3013 2570 3013 2583 3013 2797 3045 2922 3009 2926 3009 2926 3009 2926 3009 3274 3000 3288 3107 3283 3152 2998 3134 2721 3160 2650 3165 2650 3165 2645 3165 2645 3165 2641 3165 2641 3165 2628 3160 2583 3143 2565 3160 2565 3165 2561 3165 2561 3169 2561 3169 2556 3169 2556 3169 2556 3169 2552 3169 2552 3169 2547 3169 2034 3165 1641 3165 1633 3169 1619 3183 1619 3187 1619 3187 1615 3187 1615 3187 1615 3187 1610 3187 1610 3187 1610 3187 1307 3196 1302 3196 1302 3196 1142 3174 1119 3174 1115 3174 1088 3201 1088 3201 1088 3201 1084 3201 1084 3201 1079 3201 1079 3201 1079 3201 1075 3201 673 3178"/></Shape>
	    <String CONTENT="156 Turiaso Celtiberum urbs in Hipania, Tabazona, uel Tiria,"
                    HPOS="673"
                    VPOS="3000"
                    WIDTH="2615"
                    HEIGHT="201"></String>
          </TextLine>

          
          
          <TextLine ID="eSc_line_36574a16"
                    TAGREFS="LT85"
                    BASELINE="874 3250 2177 3218" 
                    HPOS="870"
                    VPOS="3134"
                    WIDTH="1307"
                    HEIGHT="165">
            <Shape><Polygon POINTS="874 3250 870 3160 1784 3160 1798 3156 1829 3134 1833 3134 1833 3134 1838 3134 1838 3134 1838 3134 1842 3134 2168 3156 2177 3218 2177 3250 1427 3285 1423 3285 1423 3285 1418 3285 1418 3285 1418 3285 1414 3285 1414 3285 1414 3281 1409 3281 1392 3263 1244 3263 1182 3290 1177 3290 1177 3290 1173 3290 1173 3290 1173 3290 1168 3290 1168 3290 1155 3290 1021 3272 874 3299"/></Shape>
	    <String CONTENT="ſona est. Ex Roberto, Munstero"
                    HPOS="870"
                    VPOS="3134"
                    WIDTH="1307"
                    HEIGHT="165"></String>
          </TextLine>

          
          
          <TextLine ID="eSc_line_bdbba607"
                    TAGREFS="LT85"
                    BASELINE="646 3334 1418 3334 3297 3276" 
                    HPOS="638"
                    VPOS="3178"
                    WIDTH="2659"
                    HEIGHT="210">
            <Shape><Polygon POINTS="646 3334 638 3245 1026 3241 1030 3241 1030 3241 1035 3241 1035 3241 1035 3241 1088 3263 1253 3236 1307 3227 1307 3227 1311 3227 1311 3227 1311 3227 1347 3232 1450 3254 1731 3227 1856 3218 1860 3218 1860 3218 1860 3218 1865 3218 1865 3218 1882 3227 1918 3241 2016 3223 2061 3218 2061 3218 2061 3218 2065 3218 2155 3223 2302 3232 2413 3218 2641 3192 2641 3192 2645 3192 2645 3192 2650 3192 2735 3214 2752 3218 2802 3214 3002 3192 3002 3192 3007 3192 3007 3192 3118 3210 3118 3210 3118 3210 3141 3183 3145 3183 3145 3178 3145 3178 3150 3178 3150 3178 3150 3178 3154 3178 3154 3178 3158 3178 3158 3178 3158 3178 3288 3210 3297 3276 3292 3308 3074 3303 2980 3317 2842 3339 2842 3339 2837 3339 2837 3339 2837 3339 2730 3321 2694 3317 2690 3321 2677 3339 2672 3339 2672 3343 2672 3343 2668 3343 2668 3343 2668 3343 2663 3343 2663 3343 2659 3343 2659 3343 2659 3343 2561 3325 2507 3317 2494 3325 2467 3348 2467 3348 2462 3348 2462 3348 2458 3348 2458 3348 2458 3348 2329 3352 2324 3352 2324 3352 2172 3334 2123 3330 2092 3334 1998 3361 1994 3361 1994 3361 1989 3361 1989 3361 1989 3361 1873 3339 1833 3334 1824 3343 1793 3366 1793 3366 1789 3366 1789 3366 1784 3366 1784 3366 1784 3366 1780 3366 1780 3366 1659 3348 1463 3374 1463 3374 1459 3374 1459 3374 1454 3374 1365 3352 1356 3352 1334 3352 981 3388 981 3388 977 3388 977 3388 972 3388 972 3388 901 3361 892 3361 646 3366"/></Shape>
	    <String CONTENT="157 Turones Galiae populi fuere, ubi nunc est Tours. Ex Marlian"
                    HPOS="638"
                    VPOS="3178"
                    WIDTH="2659"
                    HEIGHT="210"></String>
          </TextLine>

          
          
          <TextLine ID="eSc_line_015dfe73"
                    TAGREFS="LT85"
                    BASELINE="687 3441 3243 3370" 
                    HPOS="678"
                    VPOS="3276"
                    WIDTH="2565"
                    HEIGHT="201">
            <Shape><Polygon POINTS="687 3441 678 3366 838 3339 838 3339 843 3339 1142 3352 1249 3357 1262 3352 1311 3325 1311 3325 1311 3325 1316 3325 1316 3325 1320 3325 1320 3325 1320 3325 1325 3325 1325 3325 1325 3325 1329 3325 1329 3325 1329 3330 1351 3348 1356 3352 1606 3352 1628 3343 1704 3317 1708 3317 1708 3317 1708 3317 1713 3317 1713 3317 1717 3317 1717 3317 1775 3339 1793 3343 1811 3339 1887 3312 1891 3312 1891 3312 1891 3312 1896 3312 1896 3312 2034 3334 2052 3334 2056 3334 2110 3303 2110 3303 2110 3303 2114 3303 2114 3303 2114 3303 2119 3303 2119 3303 2123 3303 2123 3303 2123 3303 2177 3330 2177 3330 2186 3330 2302 3308 2302 3308 2302 3308 2306 3308 2306 3308 2404 3325 2418 3325 2422 3325 2476 3294 2476 3294 2476 3294 2480 3294 2480 3294 2480 3294 2485 3294 2485 3294 2489 3294 2587 3321 2596 3321 2605 3321 2708 3294 2712 3294 2712 3294 2717 3294 2717 3294 2877 3312 2877 3312 2882 3312 3074 3276 3074 3276 3074 3276 3078 3276 3078 3276 3234 3308 3243 3370 3239 3410 2779 3406 2748 3424 2735 3432 2730 3432 2730 3432 2730 3432 2726 3432 2726 3432 2721 3432 2721 3432 2717 3432 2677 3424 2619 3410 2324 3428 1963 3455 1958 3455 1958 3455 1815 3441 1780 3437 1753 3441 1641 3464 1641 3464 1641 3464 1637 3464 1338 3450 1325 3450 1316 3450 1124 3477 1124 3477 1119 3477 1119 3477 1115 3477 1115 3477 1052 3455 1048 3455 687 3459"/></Shape>
	    <String CONTENT="18 uroni, et Maruing Germas fuere in Slesia. Ex Munstero"
                    HPOS="678"
                    VPOS="3276"
                    WIDTH="2565"
                    HEIGHT="201"></String>
          </TextLine>

          
          
          <TextLine ID="eSc_line_cba03713"
                    TAGREFS="LT85"
                    BASELINE="834 3522 2275 3499 2980 3464" 
                    HPOS="825"
                    VPOS="3383"
                    WIDTH="2155"
                    HEIGHT="179">
            <Shape><Polygon POINTS="834 3522 825 3432 932 3428 936 3428 936 3428 941 3428 941 3428 941 3428 941 3428 945 3428 986 3459 1026 3424 1026 3424 1026 3424 1030 3424 1030 3424 1030 3424 1035 3424 1035 3424 1039 3424 1039 3424 1039 3424 1044 3424 1044 3424 1044 3424 1048 3424 1106 3455 1258 3419 1271 3419 1271 3419 1271 3419 1276 3419 1276 3419 1276 3419 1280 3419 1285 3419 1383 3450 1414 3424 1414 3424 1418 3424 1418 3424 1418 3424 1423 3424 1423 3424 1427 3424 1427 3424 1619 3446 1757 3410 1757 3410 1762 3410 1762 3410 1766 3410 1775 3410 2221 3432 2351 3397 2351 3397 2355 3397 2355 3397 2360 3397 2360 3397 2364 3397 2578 3424 2628 3388 2628 3388 2628 3388 2632 3388 2632 3388 2636 3388 2636 3388 2636 3388 2641 3388 2641 3388 2645 3388 2650 3388 2744 3415 2770 3392 2770 3388 2770 3388 2775 3388 2775 3388 2775 3388 2779 3388 2779 3388 2779 3388 2967 3383 2980 3464 2980 3490 2373 3535 2369 3535 2034 3522 2025 3522 2025 3522 1958 3544 1958 3544 1954 3544 1954 3544 1949 3544 1949 3544 1949 3544 1945 3544 1887 3526 1860 3517 1793 3526 1633 3553 1633 3553 1628 3553 1628 3553 1476 3535 1418 3530 1347 3539 1209 3562 1209 3562 1204 3562 1204 3562 1204 3562 1200 3562 1142 3544 1115 3539 834 3553"/></Shape>
	    <String CONTENT="Turrena Æthruriae opp. Cursena quoq. dictum. Ex Annuo"
                    HPOS="825"
                    VPOS="3383"
                    WIDTH="2155"
                    HEIGHT="179"></String>
          </TextLine>

          
          
          <TextLine ID="eSc_line_e3043ae6"
                    TAGREFS="LT85"
                    BASELINE="727 3611 2797 3571" 
                    HPOS="722"
                    VPOS="3481"
                    WIDTH="2075"
                    HEIGHT="183">
            <Shape><Polygon POINTS="727 3611 722 3526 1325 3535 1396 3522 1467 3504 1467 3504 1467 3504 1472 3504 1472 3504 1561 3517 1637 3530 1945 3526 1958 3517 1985 3495 1989 3495 1989 3495 1989 3495 1994 3495 1994 3495 1994 3495 1998 3495 2262 3513 2324 3517 2329 3513 2373 3486 2378 3486 2378 3486 2378 3486 2382 3486 2382 3486 2387 3486 2387 3486 2387 3486 2391 3486 2391 3486 2458 3513 2462 3513 2467 3513 2628 3481 2628 3481 2628 3481 2632 3481 2632 3481 2788 3513 2797 3571 2793 3597 1842 3642 1838 3642 1838 3642 1838 3642 1833 3642 1833 3642 1829 3642 1811 3629 1798 3620 1784 3633 1771 3642 1771 3642 1766 3642 1766 3642 1762 3642 1762 3642 1762 3642 1757 3642 1757 3642 1753 3642 1717 3633 1646 3615 1543 3637 1521 3642 1521 3642 1521 3642 1517 3642 1517 3642 1512 3642 1503 3642 1427 3620 1173 3651 1124 3655 1124 3655 1119 3655 1119 3655 1119 3655 1115 3655 1115 3655 1106 3651 1052 3629 807 3629 731 3664"/></Shape>
	    <String CONTENT="10 Furridunum Rhatiaeopp. Dornstet est. Ex Lazio"
                    HPOS="722"
                    VPOS="3481"
                    WIDTH="2075"
                    HEIGHT="183"></String>
          </TextLine>

          
          
          <TextLine ID="eSc_line_eaf05ca4"
                    TAGREFS="LT85"
                    BASELINE="718 3700 2204 3687 2989 3633 3288 3637" 
                    HPOS="704"
                    VPOS="3553"
                    WIDTH="2584"
                    HEIGHT="191">
            <Shape><Polygon POINTS="718 3700 704 3642 923 3593 923 3593 923 3593 928 3593 928 3593 932 3593 1052 3629 1075 3633 1093 3629 1168 3593 1168 3593 1173 3593 1173 3593 1173 3593 1177 3593 1177 3593 1182 3593 1182 3593 1182 3593 1186 3593 1186 3593 1186 3597 1213 3624 1222 3629 1244 3620 1351 3588 1356 3588 1356 3588 1356 3588 1360 3588 1360 3588 1494 3611 1561 3624 1597 3611 1615 3602 1615 3602 1615 3602 1619 3602 1619 3602 1624 3602 1811 3602 2418 3606 2552 3575 2636 3557 2636 3557 2636 3557 2641 3557 2641 3557 2641 3557 2645 3557 2645 3557 2645 3557 2650 3557 2668 3571 2686 3584 2766 3571 2851 3553 2851 3553 2855 3553 3283 3553 3288 3637 3283 3678 2984 3673 2944 3687 2900 3700 2895 3700 2895 3700 2895 3700 2891 3700 2891 3700 2886 3700 2886 3700 2886 3700 2882 3700 2882 3700 2882 3695 2868 3687 2855 3673 2650 3673 2619 3691 2583 3709 2583 3709 2583 3709 2578 3709 2578 3709 2574 3709 2105 3700 2016 3700 2012 3700 1994 3718 1994 3722 1994 3722 1989 3722 1989 3722 1989 3722 1985 3722 1985 3722 1985 3722 1981 3722 1981 3722 1869 3704 1860 3704 1856 3704 1789 3727 1784 3727 1784 3727 1784 3727 1780 3727 1780 3727 1624 3709 1588 3704 1583 3709 1561 3727 1561 3731 1561 3731 1557 3731 1557 3731 1557 3731 1552 3731 1552 3731 1548 3731 1548 3731 1387 3713 1383 3713 1378 3713 1298 3736 1293 3736 1293 3736 1293 3736 1289 3736 1035 3718 941 3713 905 3722 798 3744 798 3744 798 3744 794 3744 794 3744 789 3744 709 3722"/></Shape>
	    <String CONTENT="16 Turris Bissonis in Sardinia, Libissonis a Plinio dicitur, nunc"
                    HPOS="704"
                    VPOS="3553"
                    WIDTH="2584"
                    HEIGHT="191"></String>
          </TextLine>

          
          
          <TextLine ID="eSc_line_b8df4480"
                    TAGREFS="LT85"
                    BASELINE="990 3771 1789 3762" 
                    HPOS="986"
                    VPOS="3695"
                    WIDTH="803"
                    HEIGHT="116">
            <Shape><Polygon POINTS="990 3771 986 3695 1780 3700 1789 3762 1780 3802 1392 3785 1365 3807 1365 3807 1360 3807 1360 3807 1360 3807 1356 3807 1356 3807 1356 3807 990 3811"/></Shape>
	    <String CONTENT="ardo. Ex Munstero"
                    HPOS="986"
                    VPOS="3695"
                    WIDTH="803"
                    HEIGHT="116"></String>
          </TextLine>

          
          
          <TextLine ID="eSc_line_01d4fa5e"
                    TAGREFS="LT85"
                    BASELINE="700 3847 1575 3847 3292 3776" 
                    HPOS="696"
                    VPOS="3682"
                    WIDTH="2596"
                    HEIGHT="205">
            <Shape><Polygon POINTS="700 3847 696 3753 1218 3776 1374 3749 1374 3749 1378 3749 2123 3749 2199 3718 2199 3718 2204 3718 2204 3718 2208 3718 2208 3718 2409 3736 2534 3700 2570 3691 2574 3691 2574 3691 2578 3691 2578 3691 2578 3691 2619 3700 2708 3718 2802 3691 2842 3682 2846 3682 2846 3682 2851 3682 3283 3682 3292 3776 3292 3802 700 3887"/></Shape>
	    <String CONTENT="122 Tuuris Stratonis in Iudaea urbs, Caesareca dicta fuit ab He"
                    HPOS="696"
                    VPOS="3682"
                    WIDTH="2596"
                    HEIGHT="205"></String>
          </TextLine>

          
          
          <TextLine ID="eSc_line_4380feb7"
                    TAGREFS="LT85"
                    BASELINE="878 3936 3319 3883" 
                    HPOS="870"
                    VPOS="3802"
                    WIDTH="2449"
                    HEIGHT="188">
            <Shape><Polygon POINTS="878 3936 870 3860 1923 3851 1949 3838 1994 3820 1994 3820 1998 3820 1998 3820 2003 3820 2003 3820 2003 3820 2088 3838 2132 3843 2262 3834 2565 3807 2570 3807 2570 3807 2570 3807 2574 3807 2574 3807 2619 3825 2628 3829 2793 3829 2797 3825 2815 3807 2815 3802 2815 3802 2819 3802 2819 3802 2819 3802 2824 3802 2824 3802 2828 3802 3310 3816 3319 3883 3315 3918 3123 3914 3083 3923 3020 3945 3016 3945 3016 3945 3016 3945 3011 3945 3011 3945 3007 3945 3007 3945 3007 3945 2967 3927 2949 3918 2886 3927 2708 3958 2708 3958 2708 3958 2703 3958 2409 3936 2320 3932 2311 3941 2284 3963 2284 3967 2284 3967 2279 3967 2279 3967 2279 3967 2275 3967 2275 3967 2275 3967 2271 3967 2271 3967 2123 3941 2110 3941 2105 3941 2070 3972 2070 3972 2065 3972 2065 3972 2065 3972 2061 3972 2061 3972 2061 3972 2056 3972 2056 3972 1900 3950 1869 3976 1869 3976 1865 3976 1865 3976 1865 3976 1860 3976 1860 3976 1860 3976 1624 3981 1619 3981 1619 3981 1615 3981 1530 3954 1517 3950 1517 3954 1481 3981 1481 3985 1481 3985 1476 3985 1476 3985 1472 3985 1472 3985 1472 3985 1467 3985 1467 3985 1467 3985 1463 3985 1463 3985 1396 3954 1392 3954 1383 3954 1262 3990 1258 3990 1258 3990 1253 3990 1253 3990 1253 3990 1124 3958 1110 3958 1097 3958 1003 3990 999 3990 999 3990 994 3990 994 3990 994 3990 874 3963"/></Shape>
	    <String CONTENT="rode inhonorem Augusti : postea pllia Colonia Flauia, quani"
                    HPOS="870"
                    VPOS="3802"
                    WIDTH="2449"
                    HEIGHT="188"></String>
          </TextLine>

          
          
          <TextLine ID="eSc_line_88779da0"
                    TAGREFS="LT85"
                    BASELINE="856 4034 2454 3994" 
                    HPOS="843"
                    VPOS="3905"
                    WIDTH="1611"
                    HEIGHT="169">
            <Shape><Polygon POINTS="856 4034 843 3958 2253 3941 2288 3909 2288 3909 2293 3909 2293 3909 2297 3909 2297 3909 2297 3909 2297 3909 2440 3905 2454 3994 2449 4021 2271 4057 2271 4057 2271 4057 2266 4057 2034 4039 1989 4061 1989 4061 1989 4061 1985 4061 1985 4061 1981 4061 1981 4061 1981 4061 1976 4061 1976 4061 1976 4061 1972 4061 1940 4039 1909 4061 1909 4065 1909 4065 1905 4065 1905 4065 1900 4065 1900 4065 1900 4065 1740 4070 1735 4070 1735 4070 1731 4070 1633 4043 1624 4043 1450 4043 1445 4048 1418 4074 1418 4074 1418 4074 1414 4074 1414 4074 1414 4074 1409 4074 1409 4074 1405 4074 852 4061"/></Shape>
	    <String CONTENT="ndeduxit Vespasianus. Ex Iosepo, Plinio"
                    HPOS="843"
                    VPOS="3905"
                    WIDTH="1611"
                    HEIGHT="169"></String>
          </TextLine>

          
          
          <TextLine ID="eSc_line_deb6075b"
                    TAGREFS="LT85"
                    BASELINE="704 4106 2279 4101 3301 4070" 
                    HPOS="696"
                    VPOS="3981"
                    WIDTH="2605"
                    HEIGHT="169">
            <Shape><Polygon POINTS="704 4106 696 4012 861 4008 865 4008 865 4008 870 4008 870 4008 874 4008 990 4052 1017 4025 1017 4025 1017 4025 1021 4025 1021 4025 1026 4025 1026 4025 1026 4025 1030 4025 1030 4025 1030 4025 1035 4025 1035 4025 1035 4025 1039 4025 1079 4052 1334 4021 1334 4021 1338 4021 1338 4021 1338 4021 1343 4021 1343 4021 1405 4048 1525 4021 1525 4021 1525 4021 1530 4021 1878 4043 1927 4003 1927 3999 1927 3999 1931 3999 1931 3999 1936 3999 1936 3999 1936 3999 1940 3999 1940 3999 1945 3999 1945 3999 1945 3999 2030 4043 2284 4043 3288 3981 3301 4070 3297 4101 3047 4137 3047 4137 3042 4137 3042 4137 3042 4137 2904 4110 2873 4137 2873 4137 2868 4137 2868 4137 2868 4137 2864 4137 2864 4137 2864 4137 2860 4137 2534 4115 2516 4115 2516 4115 2462 4141 2462 4141 2462 4141 2458 4141 2458 4141 2458 4141 2454 4141 2454 4141 2342 4123 2271 4146 2266 4146 2266 4146 2266 4150 2021 4150 2016 4146 2016 4146 2012 4146 2012 4146 1958 4123 1954 4119 1945 4123 1891 4150 1891 4150 1891 4150 1887 4150 1887 4150 1882 4150 700 4137"/></Shape>
	    <String CONTENT="133 lusculana uilla Ciceronis, Grypta ferrata nuncupatur. Ex Iouro"
                    HPOS="696"
                    VPOS="3981"
                    WIDTH="2605"
                    HEIGHT="169"></String>
          </TextLine>

          
          
          <TextLine ID="eSc_line_caf2f790"
                    TAGREFS="LT85"
                    BASELINE="709 4213 3279 4164" 
                    HPOS="700"
                    VPOS="4074"
                    WIDTH="2592"
                    HEIGHT="174">
            <Shape><Polygon POINTS="709 4213 700 4119 959 4110 963 4110 963 4110 968 4110 968 4110 968 4110 972 4115 1017 4137 1048 4110 1048 4110 1048 4110 1052 4110 1052 4110 1052 4110 1057 4110 1057 4110 1061 4110 1061 4110 1061 4110 1066 4110 1066 4110 1066 4110 1070 4110 1110 4132 1240 4110 1267 4106 1267 4106 1271 4106 1271 4106 1271 4106 1276 4106 1276 4106 1276 4106 1280 4106 1329 4137 1365 4110 1369 4110 1369 4110 1369 4110 1374 4110 1374 4110 1374 4110 1378 4110 1378 4110 1583 4132 1940 4119 1958 4097 1963 4097 1963 4092 1963 4092 1967 4092 1967 4092 1967 4092 1972 4092 1972 4092 1972 4092 1976 4092 1976 4092 1981 4092 1998 4097 2097 4123 2306 4123 2324 4097 2329 4097 2329 4092 2329 4092 2333 4092 2333 4092 2333 4092 2333 4092 2337 4092 2337 4092 2342 4092 2342 4092 2351 4092 2547 4115 2592 4088 2601 4079 2605 4079 2605 4079 2605 4079 2610 4079 2610 4079 2614 4079 2614 4079 2614 4079 2619 4079 2645 4088 2730 4110 2851 4110 2886 4083 2895 4074 2895 4074 2900 4074 2900 4074 2904 4074 2904 4074 2904 4074 2909 4074 2909 4074 2909 4074 2949 4083 3047 4101 3266 4079 3279 4164 3292 4173 3270 4199 3266 4199 3266 4204 3266 4204 3261 4204 3261 4204 3261 4204 3257 4204 3257 4204 3252 4204 2931 4190 2904 4213 2904 4217 2904 4217 2900 4217 2900 4217 2900 4217 2895 4217 2895 4217 2895 4217 2891 4217 2578 4195 2578 4195 2574 4195 2342 4230 2342 4230 2337 4230 2337 4230 2337 4230 2213 4204 2208 4204 2204 4204 2105 4235 2101 4235 2101 4235 2101 4235 2097 4235 1838 4213 1802 4213 1780 4217 1641 4244 1641 4244 1637 4244 1637 4244 1637 4244 1534 4222 1503 4217 1476 4226 1409 4248 1409 4248 1405 4248 1405 4248 1401 4248 1401 4248 1240 4230 1182 4226 709 4244"/></Shape>
	    <String CONTENT="184 usculum Italiae opp. a Teligono Vlyssis, Circesq. filio cond"
                    HPOS="700"
                    VPOS="4074"
                    WIDTH="2592"
                    HEIGHT="174"></String>
          </TextLine>

          
          
          <TextLine ID="eSc_line_97e717bf"
                    TAGREFS="LT85"
                    BASELINE="905 4302 3315 4262" 
                    HPOS="896"
                    VPOS="4173"
                    WIDTH="2419"
                    HEIGHT="169">
            <Shape><Polygon POINTS="905 4302 896 4239 1110 4235 1115 4230 1155 4204 1160 4204 1160 4204 1160 4204 1164 4204 1164 4204 1168 4204 1168 4204 1383 4222 1418 4226 1423 4222 1441 4208 1441 4204 1441 4204 1445 4204 1445 4204 1445 4204 1450 4204 1450 4204 1450 4204 1454 4204 1624 4217 1695 4222 1708 4213 1749 4195 1749 4195 1749 4195 1753 4195 1753 4195 1757 4195 1757 4195 1882 4208 1954 4217 2070 4204 2235 4186 2235 4186 2239 4186 2355 4195 2476 4208 2489 4195 2494 4186 2498 4186 2498 4181 2498 4181 2503 4181 2503 4181 2507 4181 2507 4181 2507 4181 2512 4181 2654 4190 2864 4199 2922 4181 2935 4177 2940 4177 2940 4177 2940 4177 2944 4177 2944 4177 2949 4177 2949 4177 2958 4181 3016 4199 3301 4173 3315 4262 3315 4297 905 4342"/></Shape>
	    <String CONTENT="tum, Frascatg est. A Romanis deletum fuit quando Tuscul"
                    HPOS="896"
                    VPOS="4173"
                    WIDTH="2419"
                    HEIGHT="169"></String>
          </TextLine>

          
          
          <TextLine ID="eSc_line_f0f292e0"
                    TAGREFS="LT85"
                    BASELINE="919 4395 3243 4355" 
                    HPOS="910"
                    VPOS="4262"
                    WIDTH="2333"
                    HEIGHT="178">
            <Shape><Polygon POINTS="919 4395 910 4333 1137 4324 1164 4297 1164 4293 1164 4293 1168 4293 1168 4293 1168 4293 1173 4293 1173 4293 1173 4293 1177 4293 1177 4293 1343 4320 1575 4320 1601 4293 1601 4293 1606 4293 1606 4293 1606 4293 1610 4293 1610 4293 1610 4293 1615 4293 1615 4293 1615 4293 1704 4311 1784 4284 1789 4284 1789 4284 1789 4284 1793 4284 1793 4284 1798 4284 1891 4306 2012 4280 2012 4280 2012 4280 2016 4280 2016 4280 2195 4306 2266 4275 2266 4275 2271 4275 2271 4275 2271 4275 2275 4275 2275 4275 2454 4302 2525 4271 2525 4271 2529 4271 2529 4271 2529 4271 2534 4271 2922 4293 2967 4262 2967 4262 2971 4262 2971 4262 2971 4262 2976 4262 2976 4262 2980 4262 2980 4262 3234 4293 3243 4355 3243 4382 2904 4409 2900 4409 2900 4409 2900 4409 2810 4391 2788 4387 2775 4391 2726 4413 2726 4413 2721 4413 2721 4413 2721 4413 2717 4413 2395 4395 2248 4391 2221 4400 2163 4422 2163 4422 2159 4422 2159 4422 2159 4422 2155 4422 2155 4422 2025 4404 1967 4395 1954 4404 1923 4427 1918 4427 1918 4427 1918 4427 1914 4427 1914 4427 1914 4427 1909 4427 1909 4427 1771 4409 1740 4404 1459 4409 1459 4413 1445 4431 1441 4431 1441 4436 1441 4436 1436 4436 1436 4436 1436 4436 1432 4436 1432 4436 1427 4436 1427 4436 1427 4436 1423 4436 1423 4436 1423 4436 1378 4413 1369 4409 1329 4413 1142 4440 1142 4440 1137 4440 1137 4440 914 4418"/></Shape>
	    <String CONTENT="ni Fiderico Ænobarbo fauissent. Hinc Catonum fanmuilia"
                    HPOS="910"
                    VPOS="4262"
                    WIDTH="2333"
                    HEIGHT="178"></String>
          </TextLine>

          
          
          <TextLine ID="eSc_line_4185c508"
                    TAGREFS="LT85"
                    BASELINE="919 4489 2119 4467" 
                    HPOS="914"
                    VPOS="4400"
                    WIDTH="1205"
                    HEIGHT="134">
            <Shape><Polygon POINTS="919 4489 914 4400 2110 4404 2119 4467 2114 4485 1365 4525 1360 4525 1360 4525 1356 4525 1329 4520 1262 4502 1177 4525 1160 4529 1155 4529 1155 4529 1151 4529 1151 4529 1151 4529 1146 4529 1146 4529 1146 4529 1142 4529 1142 4529 1142 4525 1115 4507 919 4534"/></Shape>
	    <String CONTENT="fuit. Ex Riuobaldo, Munstero"
                    HPOS="914"
                    VPOS="4400"
                    WIDTH="1205"
                    HEIGHT="134"></String>
          </TextLine>

          
          
          <TextLine ID="eSc_line_096bcef4"
                    TAGREFS="LT85"
                    BASELINE="709 4569 1588 4565 3279 4507" 
                    HPOS="696"
                    VPOS="4409"
                    WIDTH="2583"
                    HEIGHT="245">
            <Shape><Polygon POINTS="709 4569 696 4476 932 4471 936 4471 936 4471 941 4471 941 4471 941 4471 1003 4502 1186 4471 1186 4471 1191 4471 1191 4471 1191 4471 1311 4494 2092 4476 2141 4444 2163 4436 2163 4436 2163 4436 2168 4436 2168 4436 2168 4436 2172 4436 2172 4436 2177 4436 2177 4436 2177 4436 2181 4436 2195 4444 2217 4458 2320 4444 2431 4427 2431 4427 2436 4427 2436 4427 2436 4427 2507 4440 2565 4449 2583 4436 2605 4422 2610 4422 2610 4422 2610 4422 2614 4422 2614 4422 2619 4422 2619 4422 2623 4422 2623 4422 2623 4422 2654 4436 2690 4453 2900 4453 2940 4431 2971 4413 2971 4413 2971 4413 2976 4413 2976 4413 2976 4413 2980 4413 2980 4413 2980 4413 2984 4413 2984 4413 2984 4413 3016 4431 3042 4444 3083 4427 3136 4409 3136 4409 3141 4409 3141 4409 3145 4409 3145 4409 3270 4427 3279 4507 3274 4551 3011 4547 2967 4565 2895 4596 2895 4596 2891 4596 2891 4596 2891 4596 2730 4601 2726 4601 2726 4601 2721 4601 2721 4601 2721 4601 2717 4601 2717 4601 2690 4578 2672 4560 2561 4560 2503 4583 2485 4592 2485 4592 2480 4592 2480 4592 2480 4592 2476 4592 2476 4592 2440 4587 2302 4565 2213 4596 2163 4614 2163 4614 2159 4614 2159 4614 2155 4614 2155 4614 2155 4614 2150 4614 2150 4614 2146 4614 2123 4601 2101 4587 1958 4605 1829 4623 1829 4623 1824 4623 1824 4623 1766 4614 1668 4596 1633 4618 1615 4632 1610 4632 1610 4632 1610 4632 1606 4632 1606 4632 1601 4632 1601 4632 1512 4623 1396 4614 1369 4632 1351 4641 1347 4641 1347 4641 1343 4641 1343 4641 1343 4645 1151 4645 1146 4641 1146 4641 1142 4641 1142 4641 1142 4641 1137 4641 1137 4641 1137 4641 1137 4636 1093 4601 1039 4601 932 4650 923 4650 923 4650 919 4650 919 4650 919 4650 709 4654"/></Shape>
	    <String CONTENT="185 Tyrambe Asiae urbs in Scrmcia, trapcnu est. Ex Munſtar"
                    HPOS="696"
                    VPOS="4409"
                    WIDTH="2583"
                    HEIGHT="245"></String>
          </TextLine>

          
        </TextBlock>
        
        <TextBlock HPOS="1244"
                   VPOS="570"
                   WIDTH="478"
                   HEIGHT="85"
                   ID="eSc_textblock_e72c3df5"
                   TAGREFS="BT99">
          <Shape><Polygon POINTS="1722 619 1280 655 1244 570 1441 606 1722 619"/></Shape>
          
        </TextBlock>
        
        <TextBlock HPOS="1851"
                   VPOS="606"
                   WIDTH="138"
                   HEIGHT="31"
                   ID="eSc_textblock_f067ea71"
                   TAGREFS="BT99">
          <Shape><Polygon POINTS="1887 606 1972 606 1989 637 1851 637 1887 606"/></Shape>
          
        </TextBlock>
        
        <TextBlock HPOS="2578"
                   VPOS="588"
                   WIDTH="121"
                   HEIGHT="67"
                   ID="eSc_textblock_1e0d7610"
                   TAGREFS="BT99">
          <Shape><Polygon POINTS="2632 588 2699 637 2578 655 2578 624 2632 588"/></Shape>
          
        </TextBlock>
        

        
      </PrintSpace>
    </Page>
  </Layout>
</alto>
