3840 5310
1054 500 2622 185 34 Scyllaeum pomontorium intrr Brutios, ude Mela Bruicm

1248 716 2454 151 SCyllaeum promontorium in Macedania, Damala est Ex dicr

1306 632 1865 142 ſum appellat, Sciglium dicitur. Ex Mnptero

1089 809 2600 151 85 Scyrus Insula ulura Euboeam, Cyeladum una in Aigaeo, quoa

1302 907 2382 150 olim Dolopes, pelasgi, et Cares incolurre : Syrus, et By

1311 995 2360 155 etiam dicta an Homero, Strongyle, Porphyris, et Dionysti

1328 1088 2348 151 pherecydis patria. Ex Strabone, Plimo, Steph. Eustathi, Mur

1054 1177 2595 194 86 Scythia duplex est alera in Euopa, alerain Asia. Sythri

1315 1292 2334 146 Europa est inter Tanaim, Maeotidem paludem, Euxinum,

1328 1407 2321 132 Damabium, endem quae qarmata. Cuius pars propiei S

1333 1486 2307 133 thai minor, et parco dicta fuit ; pars Scilicec maior

1324 1566 2334 133 Taurica cerrhonesi a Theodosia ad Isthmum Separa

1333 1672 2334 151 ſtagnum Sapram a mari, et ue. ad ſinum Carpeneit

1328 1765 2330 159 quam cherrhonesi partem Tauri Sythrca gens pooo

1324 1862 2316 146 debant : cum aliam partem paruam ante Maeotidis os

1315 1955 2325 155 et panticapaeum uiq. ad Theodosiam Bosporani temd

1297 2053 2348 172 praeterea regio tota extra Isthmum uepaud Burysth

1315 2163 2321 151 cum is a partr cherrhonesi, parua Scythia dicta fte

1293 2261 2356 146 E quia Tauri Scychae hinc usq. ad Tyram, et Istro

1319 2345 2326 168 fluuium se dilatarunt, hasq. regiones palustres hab

1297 2451 2321 146 runt a Thracibus acceptas, haec etiam parua Sea⟩

1302 2544 2325 124 thiai dicta fuut : et hi erant Saytha in Thruia colloci

1302 2628 2320 155 a Scytha Herculijs filio Nlctiaret prius Nomaei : ao

1275 2721 2356 159 ut Scythà minor, et parua ſit Russiae pars palusſta

1266 2836 2374 146 et maritima, ubi est oczalouu, et Moncastrum Maldo

1275 2947 2347 115 olim ſurbditum, nmunc Turcis. Scythia autem in Asia

1280 3039 2338 138 porrigebatur a Caspo mari usq.ad mare Oriental,

1275 3132 2330 142 Indicum : et ab Iudaeis Maesaech, uel Mesach dicitur,

1257 3216 2361 164 alijs Sindis : duplex et ipsa, alin Intra Imaum, abi

1271 3318 2351 168 extra Imaum uocata : Haec Terra Mungal, Tan

1288 3420 2339 177 gus, et Agriana dicitur, illa regnum Cathai, uel Za

1284 3531 2352 163 gnti. In utris q. fuere Cimmerij, quos tamen Homeroe

1266 3624 2348 159 ud occidentalem oceanum collocat : Duonysius uero ari

1262 3725 2369 160 radices montis Taur, : et alij Cerberios ipsos uocant

1257 3836 2361 137 alij Cemmerios propter kippepoe, quam nebulam di

1253 3938 2374 159 cunt : quoniam somper eos ſub hyeme esse Stribit Hera

1253 4040 2369 154 clides ponticus : Dicbantur etiam Nomades, Sindi, Nx Sa

1248 4137 2343 164 thae, nunc Tartars, Trerones etiam, nne Tartaria

1248 4239 2374 172 quos pliniusm Tractaros appellasse credidit Hermo

1240 4336 2387 235 u1, Ænus Syluius Thirannomadas, Iuius Hamatolua

3494 4548 53 151 e
