3698 5413
1033 604 2538 198 25 Elatea urbs Theprotiae dicitur a Demostlene ( Si tamo

1246 748 2334 149 Demosthenis est liber Historiarum) quae a Theopompo

1250 848 2344 166 Elateeia uocatur quam aliqui putant esse Epalatriam p

1300 965 1820 131 tanum Epalatria Sii in phocide. Ex Varino.

1300 1060 1969 153 Suer Galliae fluuius, Alier est. Ex Marrliano.

1038 987 271 149 24 el

1056 1114 2524 203 25 Elcebus Triboccorum urbs in Gallia, Scelestad est, ut

1282 1217 1643 167 Ebsheimum. Ex B Rienano, Robeno.

1065 1285 2506 199 26 Eldana Hispanite Tarraconensis Ciuitas, Donia nuni

1255 1434 1819 144 dicitur, et uulgo Dtennas. t Munggtero

1083 1511 2497 167 27 Eleutherae Crdtae urbs dicta ab Eleuthero uno ex Be⟩

1255 1610 2330 167 retibus, postea Saorus, uel Aorus uocata a Saore

1264 1714 1458 167 aut Aore Nympha. Ex Stephan

1083 1795 2488 176 28 Eleutherus phoseniciae fluuius, Valania est. Ex Munstero

1101 1899 2479 189 29 Eleutij populi Iapygia, a Parthenio dicuntur Elephar

1304 2020 529 136 Ex Stephano

1124 2061 2438 225 31 Elgnia Bristaniae urbs, Lennosia, et Lennos est in Scea

1250 2214 398 131 Ex Iouio

1101 2250 2479 221 9 Ellis, et Elea prouincia in peloponaneso, litus Suliut int

1277 2413 2294 162 Acaeos, et Messenios, et mediterranea usq. ad pholoem

1273 2517 2303 166 Mzanas, et parrhasios Arcadice, dicta ab Eleo Epei, uo

1277 2620 2303 181 Tantali filio : Epesa etiam ab Epeo Rege Endyion

1300 2729 2271 180 genito, cui obtigerat Regnunm uictis fratribus ucor

1295 2828 2281 176 Triphylia quoq. nuncupata a Triphyle Clytis matu

1291 2941 2289 171 uel à tribus phylis, aut Pylis, tububus ſcilices, uuon

1286 3040 2290 189 portis. et in phrrimis ditiombus dciisa erat, postead

1268 3157 2290 190 duabus tantum, in illis qui ſub Hestore erant, et in

1255 3274 2307 154 Epeis : nam Elidis incolae oppellantur ab Homero Ze

1264 3369 2307 199 et Epeis, ab alijs Elet, et Eleij ( quianuis Hecataens, ⟨⟩

1246 3477 2321 194 leſius Epeos alios ab Eeis dicat fuioe ea ccuosa, quod

1255 3604 2312 194 Herculis ſocis contra Augeam fuere Epei, qui Elin

1250 3707 2335 212 desteuxere) Appellanur etiam Triphyll, Eadymionian

1259 3829 2312 226 et Bupraſieeis a Buprasſio, quae fuit urbs, fluuius, nt

1241 3946 2321 212 ager, uel pars Elidis. Haec autem regio temporibus

1246 4046 2307 189 Homeri uicatim habitabatur, ut ferè alia omnia lrca

1241 4158 2339 194 peloponnsi sid post tempora persica Pluribus popuho

1232 4280 2321 190 ſimul conuenientibus in unam reducti ſunt urbem et

1241 4375 2326 212 hum Etidem appllatam Ex Strabone, Stephano, Eusa

1250 4483 551 176 thio, Varino
