3681 5350
593 570 1762 214 10 Æmlio, Gaguino, Martino Frecoio

361 673 2690 209 166 Mediterraneum ncre dicimus quod ex Atlantico ocerino

602 802 2418 174 irrumpit per columnas Herculis ab Hispania, usq. in

615 891 2352 165 Syriam : quà intrat porthmos a Graecis, a nobis

593 994 2445 156 Gaditanum fretum appellatur: cum intrauit Hispanco

606 1092 2378 151 quatenus Hispaniam alluit, ab alijs Ibericum, cut Ba

615 1172 2414 147 learicum : mox Gallicum anb Hurbonensem proain

611 1266 2414 169 ciam : binc Liqusticum : ab eo ad Siciliam Tuscum

615 1350 2427 183 quod ex Caetis alij Notium, alij Typrhenum, e nostris

629 1440 2396 214 plurtmi Inferum uocant. Vlcura Siciliam quod est

620 1551 2391 205 ad Salentinos Ausonium polybicas appedlat : Erato

615 1636 2432 240 ſthenes autem inter osſtium oceani, et Sardiniam

620 1725 2440 241 quicquid est Sardoum dicit, inde àd Siciliam Errh

620 1841 2436 236 num, abhinc Cretam us q. Siculum, ab ea Cretici

633 1934 2418 286 quod a Minoe Minoium dcitur, ante Cretam propie

655 2055 2338 294 post quod est narr Ægyfciun. Aphricam uero le

2610 2260 276 120 dicitur

673 2180 2334 276 gendo ab Ægyptio usq. ad fretum Heruleam ma

664 2313 2374 232 re Libycum uocaetur, quo tamen nominr uocantur

655 2403 2387 272 mare, quod est a Carthagine ad̀ Syrtes. Ex Stra

655 2612 964 161 bone, Pinio, Varino.

401 2608 2655 272 17 Medoacus l Venetae fuuins doplex est, auctore pPlinio : alter

655 2710 2387 228 Bachilio nunc dicitur, olini Tongisonus, alter Brenta

660 2808 2351 250 Hic Medoacum portum fatit Malamochum uocatum

669 2902 2431 236 eilla Brunduti ostium Sunt tomen qui credant Brentan

700 3071 2396 161 oisse

696 3062 2378 304 fibus Iapydiae, et praeteritis foueis oppidi Caciti per

696 3143 2400 316 Iubterraneos meatus, fertur usque ad Pucinum, quod

696 3276 2302 312 Duinum dicitur a duabus arubus ſupra ſarum con

718 3366 2418 307 trucus : inde dursus erunpit, et nocem capitibus, qura

722 3490 2316 308 paeta oraappellae, uno tantum ostio, quod Tynnein

727 3602 2302 290 uocant, esluit in mare. Ex Bernando Iuptiniano, Vola

740 3776 1303 205 terrano, Mercla, petro caopo¬

477 3794 2565 263 68 Megabari Æthropiae populi contra Meroen fuere illi, quo

704 3945 1687 205 atiqui Adiabaras nominant. Ex Plimo

490 3999 2660 272 67 Megalopolis caiae urbs, Carcm q uetropolis, Lelegonpolis

754 4115 2409 236 pius, postes Binoe a Nino xet Aphrodisius uocata. ExSteph

758 4337 344 94 arino

486 4235 2650 299 70 Megara, uel Megaris Megaridis urbs in Achaia csustar

771 4360 2334 267 na in peloponnesam, Atticam, et Boeotiam a Mu
