3698 5413
1602 667 1965 181 tanhagine diſtans ſtadijs aa. Ex St rabone, b

1300 744 203 113 tu,

1286 793 1481 145 tero,  Vanianio, Olinio, nustero

1074 843 2520 203 18 Feſcennia Æthrmiae opp. unde fescennini uersus appellae

1291 960 2294 199 Ciuitas Castellanu est : quam alij credunt fuiss. Veios

1304 1064 2281 171 Canillo oppidm captuni, quod Volaterranus asserit mu

1313 1159 2267 189 esse Veianam Vrsinorum oppidum, quod ab alijs Veta

1295 1267 2290 180 num dicitur. Ex eddem Volaterrmo, Martiano, Decl urb⟨⟩

1110 1353 2479 189 19 Fidenae Fidenatum urbs in Latio, castrum Iubileum uoci⟨⟩

1313 1438 2276 221 Iomus ſidenus putat esse Anguillaram oppidum inter

1295 1551 2303 194 uiam Cassiam, et Aureliam : quod tamen a Volaterau

1345 1646 2253 198 Tarquiniae appellatur,  Tarcynia a Strabone, Tar

1318 1750 2271 194 nium a Stepharo a Tarcone Filio Telephi, quta

1322 1858 2276 194 Tyrhenus duedecim urbibus in Æthruria conderdi

1318 1962 2285 198 praeſecit. Ciues a Strabone uocantur Tarcyneta

1322 2115 1165 113 Ex illis, Nicola Erithraeo.

1110 2151 2488 208 20 Fidentia Italiae opp. in Gallia Togata, Fidentiola ab

1304 2277 1942 172 uocatutm, nunc Florentiola. Ex Munſtero

1119 2377 2484 162 2 Ninnes opp. apud Antoninum in finibus Liburniae, :

1318 2503 1332 149 maguarum est. Ex Lazio

1115 2580 2488 180 22 Finnegia, et Fnnonia in Germanico Oceano, nunc fu

1309 2688 2298 185 dia dicitur. Apud plinium pro ſnnigia lggiaur Enia

1318 2805 2289 176 pro Finnonia pannonia, uel Bannonia : quam Alciatur

1313 2950 2290 139 nunc Laponiam proninciam esse asserit, cum tama

1318 3026 2289 154 Plinius de Insulis Ioquatur, et non de Eittore. Ex illit

1322 3135 1007 175 ziegno, Ionne Gottho

1106 3202 2497 208 23 Fiſcini Germaniae populi Castis proximi, Badenses

1313 3369 1274 140 feriores sumt. Ex Munstero

1133 3441 2465 181 usFiternus Italiae fluuius Fortorius est in Apuliae prinuipu

1322 3527 2285 180 Iouius Fontonem ait fuisse appellatum, qui etiam Fr

1322 3644 2041 136 ton dicebantur. Ex eo, Pontano, Volaterrano

1146 3725 2457 163 25 Flaminium uiam C Flaminius, qui ab Annibale caesus

1322 3856 2285 136 it, perduxit a Roma per Tusciam, et Vmbriant

1327 3942 2280 167 Ariminum usq. eam instaurauit Augustus, nunc Re

1327 4055 2289 167 maea uocatur. Ex Strabone, Liuio, Volaterrano, M⟨⟩

1313 4163 515 149 rio Aretio.

1142 4235 2470 194 2 Flauianeum opp in Aprutio Castrum no cuem est. Ex Blu⟩

1155 4334 2457 212 27 Flauianum opp. in Æthruria, Foiancum est. Ex Declara

1336 4447 759 117 ne urbium Itali

1169 4506 2438 194 8Nlauiobriga Antrigonorum opp. in Hispania Tariu
