3698 5310
1182 504 2387 221 a Venetis possessum : patria francisi Robortelli uiri ho

1217 641 1666 195 atate douissimi. Ex pcolemaeo, Coppu

1009 703 2556 279 0 Iezrael palaestinae ciuitas in rudicibus Gelboae, nun

1217 827 2361 230 Taracia uicus est nix dous uiginti continens Ex Bo

2657 960 110 119 S

1204 1017 323 142 cardo.

1018 986 2467 301 24 Igeni Britanniae popul, Northumbri ſut. Ex Isuio

1036 1101 2537 328 25 Iguium opp. in piceno, quomodo et apud Caesarem a

1253 1247 2316 319 fndum uidetur, Eugubium est, uulpq. oggobio. Ex

1235 1477 1001 208 Augustino Eugubino

1018 1473 2573 310 2 Ice conia in Hispania Tarraconens : , hodie Ei⟨o⟩

1271 1703 1045 173 appllatur. Ex Onuphrio

1040 1703 2533 301 27 Ilerda Ilergetuum arbs, in Hispania, Lerida dicitur, a

1209 1867 2369 252 uulgo Leeda, a Petreio, et Aſtranio Pompeianis di

1235 1973 2347 261 bae posessa tempore ⟦lulli ciuilo Caesariani. Ex Caes

1235 2168 815 137 Beutiro, Mario.

1036 2239 2533 212 20Ileris fluuiue in Gallia Narbonensi, a Strabone Il

1235 2376 802 150 byrchis uocantur

1058 2460 2520 225 2 Illyricum, Ilyria, et Illyris Eunpae ngii ab Arsia a

1217 2610 2361 151 Titium, dicta ab Ilyrio Cadmi, et Hermiones filij

1266 2716 2299 177 uel polyphemi, et Galateae, fratre Celti, et Gai,

1271 2805 2316 221 Celtis, et Gallis nomen dedere. Iapydia etiam appellat

1279 2933 2308 204 ab Iapydibus populis : qus Dionysus in XVI libro a

1271 3035 2316 221 tiquitatum Romanarum Iapodas uocat, et regonb⟨s⟩

1262 3177 2325 194 incolebant, quae nunc Carso dicitur in Dalmatia Iopp

1279 3305 2303 159 gia etiam nuncupatur ab Hecataeo, Sicut et illas, quae

1262 3411 2325 164 est in Italia : ab alijs Albia quia Iapodes isti habitabu

1244 3531 2343 172 in Allbio monte partr postrema Alpium : nunc uocatte

1235 3650 2343 159 Croatia, eti Sclauoniae Croatia quidem est pars

1235 3765 2343 168 mediterranea uorsus Pannonian inter Danubiu,u⟩

1248 3885 2339 168 Brauum, a croci copia nuncaupata, uel a Cherba

1253 3991 2343 190 tis populis, quos: nomiriat Zonaras, quosq. erii

1231 4110 2360 199 byzos a Stephano uocatos crederem. Haec dicebatutur

1217 4212 2374 213 Liburnia a Liburnis populis nuncupatis a quodam

1217 4327 2370 239 Liburno Antito, utr Hecataeus aeitb, uel a Liburna urbe
