3595 5350
1552 597 290 160 primas

2506 566 161 160 9

504 691 2765 209 91 Agathussa Graeciae Insula, Cnethusa postea dicta, et Telus H

499 856 2779 267 95 Agaunum Caturigus oppidam in Graeis alpilius, a Ptolema

918 789 2360 200 Telo quodam, ut ait Iuon, et Anrrotion. Ex Plinio, Stephan

856 976 2431 232 cborodunum, a Plinio octodurus dicitur, propuli octodu

816 1078 2448 223 renses, nunc Martenacenses, et oppidum Martenach in

856 1190 2368 214 Sabaudia Iouius appellat Sanctum Mauritium

847 1288 1450 187 Ex illis, Benato Rhenano, Ægidio

512 1364 2770 249 36 Aguatant oppidun Syrene, Batanea ab abss, et Batanea dicitu

811 1466 1700 201 Carmelus etiam. Ex Plinio, Stephano.

709 1542 2605 205 Agbatana albera rgia Mediae, que ab antiquis, ut ait Ero

820 1654 2404 182 ſias, Egbatana uocabntur : Strabo, Plinius, et Herodianu

829 1774 2342 152 Ecbatanam appellanut, quam Daretus transtulit aod

517 1948 2770 178 97 Agediaum, uel Agendicum Senonum oppidum in Gallia Pr

842 1854 1240 179 montes. Ex illis, Stephano

825 2073 1895 151 uins est, uel Sens. Ex Marliano, Munstero

521 2126 2743 210 98 Aginnum Aquitaniae oppidum Angolesme est, et Angolem. Ex

820 2273 406 98 ſteunſteri

539 2287 2717 218 99 Azisymba Æthiopiae rigio, Terra Papagallonum nunc Di

829 2434 2462 156 citur, ſiue Regnum Hebeorum, uel Melindae. Regnum ta

829 2527 2377 165 men Melinlae uidetur essc eo loco, quo Ptolemaeus

820 2634 2427 174 prassum promonterium cellocauit. Ioannes nero Bas

820 2741 2279 188 rosus Lusitanus prassum promontorium ab incoli

793 2875 2440 174 nunc dici ait Mozambique. Agis pmbam uero esse

816 2982 2498 214 regiomem in Regno Sofalae, in qua aurifodinae ſnt

825 3116 2350 232 4t regia, quam incolae Simbaonem uocant antiqu

802 3254 1793 170 ſima, et pulcherrima. Ex eo, Munstero

486 3374 2783 183 120 Agrippina Galliae Belgicae ciuitas ad Rheni ripam a Au

780 3486 2480 218 Agripea uocata, Colonia postea dicta. Ex Zachario

793 3629 1022 214 papa, Beatu Rhenanmo

472 3713 2779 245 101 Aguntum opp. in Norico Habspurg et praeclarum ot

780 3865 2498 192 Reges, Imperatores q. qui ab Austria Prouincia, quan

789 3976 2440 210 postea obtinuerunt, Austrij uocauntur puod tamer

789 4097 2444 209 oppidum alij cdunt fuisse Vindonissam, quoniam a

798 4230 2391 197 Lazio Aguntum nunc uocari dicitur Innelem in

776 4355 2497 219 Tirolis Comitatu Tamen Vindonissia ese uidetu

807 4507 2417 196 Vuyndisch inter Heluetios Ex nde, Irenico, Altamer

3028 4650 232 178 Aioc
