3840 5310
1275 495 2405 226 quod in Aphrica gerebant. Secundo upro bello Punice Ca

1288 628 2348 172 thaginiensium partes ſecuti uici fuere a L. Caecilò M⟨⟩

1284 712 2365 168 telo, a L. cornelio Scipione, tandem a Graccho pero

1293 805 2347 150 miti. Deficiente autem Romano Imperio Insulam oi

1275 902 2392 160 cuparunt Vandili ab Iustiniano pulsi :inde Saraco

1284 1000 2392 159 Aphricani eam obtinurrurt, quos anmo MXxIi expuboi

1280 1097 2396 155 pisani, et Genuenses Mulſacto Rege deuicto : a Pisaan

1288 1190 2392 168 possessa, taudem capta fuit ab Iacobo Secundo Ara

1306 1305 2352 141 gonum Rege, et adhue ab ipsis Hispanis tenetur. Sa

1280 1402 2391 151 di uero Heraclidae, et Thespiades a Carthaginiensib

1280 1500 2387 159 Insula pulsi, hi quidem in Italiam uenere, Loca q. cio

1257 1601 2401 169 Cumas tenuere : Sardi autem in Liburniam access

1266 1708 2392 181 oppidum q. Sardonem, Sardum uè, ut appellat Steph

1262 1814 2396 177 nus, conidere : a quo Sardaei, et Sardiaei cognomint

1266 1933 2392 164 fuere populi, qui inter mare Adriaticum, et Panno

1253 2053 2405 159 niam erant. Et Liburnia a Romanis capta Sa

1262 2146 2396 177 di trans duci fuere Veronam, qui etiam Sardorumt

1244 2274 2409 168 agro nomen dederunt, in quo pestea Antharis lon

1257 2380 2396 168 gobardorum Rex Theodolindae oxori occurrrit. E An

1248 2495 2397 190 lae metu cum Venetiae populi ad paludes ionfugerene

1248 2615 2401 155 et ipsi cum Veronensibus quam plmimis xia has. nostra

1262 2716 2378 160 puludes confugierunti, qui nunc qgni fertilissimi, ſuint, et

1253 2818 2387 151 urbs florentissima. Ex poybio : Diodoro, Velleio, licia

1240 2933 2409 115 Strabonr, Plinio, Solino, paus ania, Theociti interprete, St

1244 3017 2418 146 phano, Paulo Diccono, Ioanne Tzekze, Annio, Varino, Pao

1240 3115 899 137 Vhasio, Volaterrano.

1000 3172 2547 173 18 Sargetia Daciae fluuius, Iſtrigius est in Valachia. Ex Lazio

1009 3287 2605 146 59 Darmatae populi, Sauromatae etiam dicti, ab Eudoxo in

1226 3389 2414 146 prmo de fluuijs Syrmatae, ab Ephoro Iaxabatae, origin

1235 3473 2383 155 habentes ab Ascane Gomeri filio, alij fuere in Europas

1222 3575 2392 164 alij in Asia. Hi inter Scythas referuntur, sumt q. a

1240 3668 2382 172 Tanai usq. ad mare Caspium in multa genera dicis

1244 3774 2401 168 fuere enim Sauromatae Gynaecocratumeni, unde Amae

1235 3876 2401 168 zonum connubia, Euazae, Coitae, Cicimeni, Messenians

1217 4017 2383 138 Costobocci, choatrae, Zigoi, Dandari, Thussagetae, et

1235 4110 2401 142 Turcae, ubi nunc ſunt Moschi, Cunani, omani, onoma

1231 4199 2396 141 ni, et Coiani etiam dicti, et Tartari periq. Sarm

1217 4287 2374 155 tae autem, qui ſuntt in Europa, Sedes habent inter

1222 4389 2347 142 Vistulam, et Tanaim, ubi erant Vandili a Vandilo

1231 4464 2391 173 filuuia, qui Vistula, Vislaq est, uocati : diuisi ips i Va
