3689 5270
996 579 2376 246 Midesa alia urbe. Ex Strabone, Pausania, Itaacio, Egy

996 768 712 158 ſtathio, Varino.

913 742 2472 281 Arne in Lycia, Zautihus uocabatur a Xantho Ægypir

992 895 2393 220 uel cretensi: prope quam est fluuius et ipse Xantio

988 1067 1260 149 appellatus. Ex Stephano

619 1084 2766 277 300 Aromata promontoricuum Æthiopiae in ſinu Aualite,

1032 1220 2362 207 ghis etiam dictum, nunc Caput Guarda funi. Ex Bani

1330 1330 2073 193 Pannoniae opp. Iaurinum est, quod et Sca

685 1378 584 211 30 Arrabon

1018 1449 2240 206 rinum dicitur, a Germanis Raba. Ex Lazio

698 1554 2705 207 302 Arſationum opp. in pannonia non procul a Dracit

1023 1686 1089 180 Arsa est. Ex eadem.

729 1739 2678 259 305 Arse opp. Hispaniae Tarraconensis, Ariza uocatur. Ex⟩

1014 1945 580 136 Munstero

755 1949 2666 268 301 Arſennaria Colonia Nmidiae oppium, Arsen dicita

1032 2103 1673 171 uel Arze. Ex Munstero, Oliuario.

768 2187 2635 197 305 Arſenus lacus niagnus in Armenia, per quem Ti

1036 2292 2367 224 fertur, ſed propter celeritatem aquam impermiy

1045 2424 2376 202 tam ſeruat, Thoetis etiam dicitur. Ex Straberi

781 2542 2635 198 306 Arsia fluuius Italiae finis ab Istria Liburniam Hea

1014 2665 2376 198 parans, Arsa uocatur. Ex Plino, Volaterrane

979 2793 2406 149 Arsia Sylua in Æthruria, uulgo Bacani dicitur

1023 2907 2393 171 quam alij Capanium uocant, uolum q. fuisse Me

1045 3039 2165 144 ſiam appellatam. Ex Volaterrano, Munstero

790 3118 2626 171 307 Arſictua Germaniae Ciuitas, Brunna est, Prynna

1054 3227 1326 150 quoq. dicta. Ex Munstero

777 3289 2652 206 308 Arſinoè Aphricae opp. in Cyrenaica, Teuchira a s

1049 3416 2376 132 bone, et a Plinio dicitur, a Stephano Taucher

1049 3513 2152 145 ab Oliuario nunc Tarchara, Trocbara ue

926 3618 2495 158 Arsinoë in Ægypto ad Rubrum nia e a nonnullis

1062 3710 1573 159 Cleopatris dicitur. Ex Strabone

996 3798 2447 167 Arsinde altera in Ægypto ulura Labyrinthum, po

1067 3891 2354 158 crocodilorum urbs nuncupabatur, quoniam ib

1045 3987 2398 176 crocodilus ſacer est, et mitis alebatur in quoda

1058 4084 2389 193 lacu, Suchus q. uocabatur. Ab hac urbe Arseno

1062 4207 2108 171 tes praefectura nomen habuit. Ex podene.

970 4290 2486 193 Arsinoë in Cypro, Marium etiam dicta a Marie

1062 4409 1133 145 quodam. Ex Stephano

781 4453 2666 241 39 Arsonium Germaniae Ciuitas, Presintza est. Ex Roberio

3306 4633 128 180 A
