3681 5350
356 633 2678 182 11 Moschius Moesiae fluuius, Moraua aeditur esse, qui Morauis

615 753 2378 129 prouinciae nomen dedit, qua. ſub Boemorum Imperio est

620 856 504 142 Ex Lazio

361 887 2650 236 11 Mucrinae urbs in Ægypto, Sais etiam dicitur, a Dedymo Myceri

615 998 2334 192 na, ubi Mycerinum regnasse Suibel Herodotus. Ex Varia

361 1105 2632 179 12 Mulona opp. Æthiopiae in Bili ripa fuit, Graeci uocarcit

624 1208 852 165 Hypaton. Ex Plinio

370 1230 2561 254 115 Munda Hespaniae opp. ubi pompoi flij a Caesanre uicue

624 1350 2365 219 fuere, a Beutero Ronda uocatur, a Mario Aretit Mur

629 1493 1552 143 deiaron, a Volaterrano Xeritium

388 1538 2619 200 146 Munychiatis urbs in Arabia petraea, Medina Talnabi est, ub

633 1640 2012 165 Mahometis impuriſsimi Sepulchrum est. Ex Munstero

406 1685 2610 214 147 Murgis Turdulorum opp. in Hispania, Musacrapia ab He

642 1787 2097 205 spamis dicitr, uel Lasagilas. Ex Beutero, Castatd

419 1868 2561 249 148 Murocincta Germaniae opp. apud Ammianum, ab Anto

638 1983 2391 183 nino Ad mros dicitur, nunc Sumureyn, uel Sumareyu

651 2086 2258 169 uicus in pannonia prope Altenbur gum. Ex Lazio

432 2162 2356 209 14Muroela pannoniae urbs, Morech est. Ex Munstero.

459 2247 2517 222 150 Mursia Colonia in Pannonia, Esselcium, oppidum est

646 2331 2370 223 ad Dauum difſamatum uictoria, quam de Christianis retu

629 2438 2427 214 lere Turcae anno 1837 Pannonij Imperatorios impru

655 2594 772 152 dentia. Ex Lazio

477 2572 2534 281 131 Musio fluuius in piceno, Buca aspidum dicitur. Ex Bcla

660 2777 901 147 ration etrbium Ital

441 2768 2624 245 152 Mutillum castrum in Gallia Togata, Mutilliana est. Ex Vo

446 2884 2574 232 135 Muza Elisarorum emporium in Arabia feliaci, Hali esse

660 3036 1057 129 ceditur. Ex Rhamnusio

459 3071 2561 210 14 Myconus Insula Cycladum una, a Mycone Ænei filio

669 3147 2396 227 nunc ÆAycola : in qua fabulantur possitos Ggantns pu

678 3236 2405 237 stremos ab Hercule interfectos. Ex Stephano, Munstero

459 3321 2633 254 155 Myriandrus urbs Coelessyriae, Alapsus est. Ex Petro Apiat

472 3428 2602 227 156 Myrinna, uel Myrina Toadis urbs dicta a Sipulclro

687 3526 2396 254 Myrinnae, uel Myrinae Amazonis ibi interfectae : poste

682 3646 2374 232 Batea, uel Batiea a ruborum, hoc est Ba nior copia

687 3727 2378 263 qui circa eam ſunt : uel a Bateio quodam, ut ait Hella

691 3816 2351 281 nicus in primo de rebus Troanorum : uel a Bates a

673 3918 2387 277 Teucri Cretensis file, et Dardani Itali Exon :uel ab

687 4008 2347 307 equorum palaes, educatione ſcilicet. Ab incolis Seba

691 4115 2374 307 ſtopolis uocatur. Ex Strabone, Plimo, Stephano, Isaacuo

696 4360 794 160 Eustathio, Varino.

1088 4302 1847 330 Sphrica Intula, Carxe uocantur. Ex Bordono

508 4462 549 210 o Myrmex

2913 4422 187 183 yu
