3689 5270
680 500 2705 220 285 Argentunria Rauriurum urts in Gallia Belgica,nunc A

1005 641 2372 202 burg, uel Horburg : alij uolunt esse Colnnar. Ex Beato

685 821 2670 219 285 Argidaua Daciae opp. Argetma est in Transyluania: uel

1018 772 909 154 Rhenano, Munstero

1045 952 1488 172 Argisch in Valachia. Ex Lazio

715 1010 2684 241 206 Argos peloponnesi opp. a phoroneo Inachi filco phoroni

1023 1163 2336 163 cum dictum, Achaicum a Prouincia, Doricum ageinte

1032 1247 2314 197 Hippoboton quod eo loce alere equos Argiui didicere a

1032 1387 2358 189 Neptuno. Iasen ab Iaso Iis patrt, Dipsim propter a

355 1510 44 132 S

434 1510 2921 163 Tirynthium era quae inepiam: à Cyclopibus, qui uel tres, uel Septemi

1027 1620 2372 154 erant conditum, et uocatum Ægialea, Tioynthigo

1032 1730 2367 145 et Mycenae a Myycenaeo Spartonis filio, uel quòdle

1023 1822 2376 145 in bouem conuersa hoc leco mugitum dederit, quod

1040 1923 2354 163 poriiaaaca dicunt : uel a prone al manubrio gl

1045 2028 2354 159 dae Bellerophontis, uel Dersei, quod ibi cecidit. qua

1049 2138 2341 154 uis proprì Mycenae, et Mycene ſit ipsa urbs, Ar

1054 2248 2362 167 gos autem regio circa Mycenas, unde Homerus A

1054 2362 2362 176 gos, et Mycenas Separauis Vel quia Mycenae, et Ar

1045 2485 2340 198 ges dciae erant urbes, quas propter propinquitatem

1049 2626 2332 175 tocorum in unam contraxere Tragici poetae. Eta

1045 2744 2376 167 Mycenas Argiui cum Cleonaeis ac Tegeatibus in

1045 2863 2371 158 uadentes desteuxerunt Aggos autem etiam Stra

1058 2973 2363 175 bonis temporibus uigebat secumdum dignitutis Be⟩

1062 3074 2363 171 cum obtinens in Peloponnerso, quia pries dabatus

1067 3175 2358 175 Spartae. At Hellanicus phoroneum Suibit tres filois

1062 3289 2354 211 habuisse pelasgum, Iason, et Agenorem. Pelasga

1058 3429 2354 189 contigsse partem Argiae, quae est ad Erasinum fluu

1054 3544 2367 184 um, ubi condidit Larissam arcem Arginam partem

1062 3640 2328 193 uero circa elin habuisse Iasm : equos paternos datos

1075 3746 2363 202 Agonori qui fratribus mortuis obtinuit totam Ar

1075 3873 2368 189 giam, et ab equitatu maximo, quem habebat regino

1062 3992 2363 180 uocatam Args Hippobotom, quad a prioribus fra

1067 4106 2213 167 tibus Iasrn, et Pelasgicon Argos dictum fuit

1075 4233 2385 141 Ex Strabone, Scholijs in Sophoclem, Stephano, Eustat hio

1089 4312 333 92 Varino.

944 4347 2512 255 Ags Pilasgium ia Thesulia, qul Honerus Arzes Hp

3280 4514 141 154 po
