3681 5350
606 561 2450 223 t in Plnics. fuit. Ex araaloe plino, Struio, Steplanato

629 744 660 120 andro Castaldo

365 762 2633 174 152 pPrecutim Italiae populi, Abrutini ſunt circa Taliacotium, et

629 882 1173 143 lacum Marsae. Ex Collenutuo

379 909 2605 232 155 prenda uisij populi in Dacia, iunc Perennium oppedum

597 1065 830 134 incolunt. Ex Lazio

410 1047 2637 232 1ſpriaene Ionià ciuitais, Biantis patria, Cadme etiam dicca

651 1172 2249 178 fuit, quoniam philotas eius conditor Boeotius fuit

642 1279 598 134 Ex Strabone

414 1266 2553 245 eisopulla Æthruniae fluuius in Tylerim fcuens inter A

624 1377 2334 219 tmeriam, et ort am pelia quoq. dictis, nunc palia

624 1511 1232 178 in agro Senensi. Ex Blondo

423 1538 2619 272 188priuernum, priuernus, et priuerum opp. in Latio a Romaſ

611 1658 2414 214 nis captum,  Barcais euersu, poſtea in colte in¬

624 1716 2378 232 ſtauratum, et pipernum dicitum. Ex Itrab. Steph. Blondo

437 1827 2592 228 15 proconnesus in propontide ante Cyzicum Insula Spora

646 1934 2370 197 dum una, dicta qudd in ea plures cerui essent : opotco

655 2015 2396 196 enim ſunt aerui primo nati : uel a poλoι hoc est gut

651 2117 2342 174 turnio, quod uirgo tenens Mileſijs propinauit cum Ca

642 2206 2351 183 loniam hanc deducerent : Eaphonnesus etiam dicta, et

651 2296 2374 178 Neuris, nunc Marmora ob marmoris Cyxiceni uocat

655 2367 2383 196 copiam XXX M. P ambitu. Ex Plimo, Stephano, Varino

660 2505 794 134 Bordono, Castaldo

455 2496 2440 241 e5oprote Insula prope pelopoesum, prodo est. Ex Bodono

468 2594 2574 245 13i prusias, uel prusa Bithyniae urbs rigia a prusia Athena¬

571 2706 2436 191 Lrum Rege dicta, qui cum Croeso pugnaui, uel a prusia¬

664 2773 2387 223 Annibalis hospite, qui eam instaurauit : olim Cius a Ci

669 2880 2378 214 Argonauta olympi filio, qui eam condidii, uel a Gio praea

669 2964 2369 214 terfluente filio, ut ait Autocharis in primo de temporibus

678 3067 2360 223 quoniam hanc urbem conditam aſſeni a poſsplemo Nep¬

664 3169 2365 228 tuni, uel Elati filio uno x Argnautis in Mysiai reli¬

660 3272 2378 205 cto Nunc Bursia dicitur Turcarum Regai in Nato.

687 3379 2315 205 lia. Hic relictus fuit Hercules ab Argonautis, ta q

673 3459 2352 228 contigerunt, qut dec Hylla dicuntur. Ex Strabonr, Seho

1093 3566 1320 165 Theocritum, Varino, Munstero

709 3633 94 143 ijt

477 3580 2476 271 ſpsilis Hiihyniae fluuius in Euxinum fluins, ſenesia est. Ex Rou

464 3709 2512 232 13psyllium urbs in ponto, picellum uulgo dicitur. Ex eodeo

481 3807 2606 218 164Igyra Asiae Insula prope chium, quam Homerus psyriam uo

682 3918 1901 197 cat, psara dicitur, incultaq. est. Ex Munstero

477 3985 2548 223 16s Ptisciana in Mauritania Tingitana urbs, Tremiscen est

664 4074 1995 214 regia, uel petra rubra. Ex Munstero, Castatao

486 4159 2565 228 16 Ptolimais ad mare Erythraeum opp. in noglodytarumre¬

745 4244 2324 205 none conditum ab Eumede, qui in uenationem Clephan

700 4324 2338 236 torum missus fuerat à Ptolemaeo philadelpho, ut Strabo

727 4431 2351 254 nt, Hicina a Barroso esse dicitcr, a Rhanmnus. Ec quer
