3698 5413
1259 599 1820 221 piadis 135. Ex Stabon, Plinio, Bordono

1020 744 2565 180 30 Callaici Braecarij Hispaniae populi, Galleci, Gallegi qui

1273 852 2321 144 dicuntur : eorum regio Gallitia, olim Gallgraecia Ialia

1268 951 2317 158 ab ea, quae est in Asiaget Gemeria a Gomero Ia

1029 1150 2551 162 31 Callirboë Setticae fons a Pisistrato factus, a Triginta T⟨⟩

1277 1060 1409 144 ti filio. Ex Beutero, Munstero

1264 1249 2321 144 nis reparatus, Enneacrunos prius dictus, et Dodezac

1286 1348 2308 149 nos. quanuis Plinius dicversos fecisse uideatur Calliro

1277 1452 2326 144 et Enneatrunon, librariorum certè incuria. Ex Thue

1065 1583 2411 198 32 Calliſtratia Galatiae urbs, Castellas est. Ex Munstero

1268 1547 628 158 cydide, Varino

1056 1687 2533 194 33 Callitera Macedoniae opp. Cydna dicitur, et Pydna Ex

1259 1817 822 131 Slephano, Munstero

1047 1885 2547 171 34 Calone Galliae opp. Cleues est, quod Ducatui nomendic

1250 1993 578 131 Ex Roberto

1070 2052 2515 176 35 Calora Italiae fluuins, pugna nuncupatur. Exorio¬

1079 2160 2510 158 36 Calpae Bithyniae fluuius, Aqua dicitur. Theopompus in octanu

1246 2264 2352 144 rerum Graecarum Calpas urbem asserit esse, quum Calph

1250 2381 2353 127 uocant aliqui, Calpe autem esst possem. Es Steph. Munst

1092 2422 2502 185 37 Calpe mons in Hispania ad fretum Herculeum, olim Iubi⟨⟩

1255 2530 2348 181 da a tertio Hispaniarum Regus dictus, nunc ab Hispanis a

1264 2634 2343 185 braltar: quo nomim et oppidum uocant ad huius montu

1259 2742 2353 194 radices ab Herudle, ut creditur, conditum, et propterea oit

1259 2850 2348 190 Hteracleam uocatum, posteae, uero Galatirif, quod fuit

1250 2945 2357 185 Hispanorum naucle. Inter ipsuam montem Calpem, et Ay

1250 3058 2357 189 lam in Aphrica, inter Metagonios, ut Artemidorus ait, Hteas⟩

1255 3171 2352 212 cules Tyrius mare ex oceano perduxt, mediterra

1246 3265 2357 212 neum q. fecit : unde montes ipsi Herculis columnae app⟩

1246 3369 2366 230 lantur, cum Brarei dicerentur, et a Pindaro Portae Ga

1237 3491 2379 212 derides. Abyla autem ipse a Strabone uocatur Abyby

1232 3604 2375 203 a Ptolemaeo Alyba, nunc Acenta, et Simica a multita

1237 3703 2361 198 ne ſimiarum, quae in ipso ſunt. Ex Strabonp, Seroso

1246 3807 2348 203 Stubons, Aunio, Deutero, Volaterrano, Caelio Rodigino,

1228 3919 388 163 Oliuario

1020 3974 2578 239 38 Calucenes Rhsaetiae populi fuere uli est oppidum Leulerchen Ey

1047 4091 2533 221 39 Calydnae Insula Troiae apud Homerum circa Tet Lazio

1237 4217 2357 185 nedum, Calymnae etiam uocate ab earum una Cahydni

1232 4289 2366 203 Calydna, Calydnae, Calymna, Calymnia, et Cahymnae, nun

1237 4416 2379 171 cupata, uude est Calydnium mes optimum. Sporaudes ſos

1232 4497 2375 216 Et ex his tempore belli Troiani Porcim, et choeribae

3508 4682 68 122 nui
