3698 5413
975 721 2564 185 86 Euphrates Iſluuius Armeniae, ortus ſub monte Capete per

1210 631 1580 189 bome, olinio, Appiano Algxandrino

1223 839 2330 180 Armeniaum, Cappudociam Syriam, Babylonem, Mesopota

1241 951 2303 140 miam, et Arabiam fluens, ſinum persicum ingrediens

1237 1028 2302 171 Pyxirates ab initio nominatur, ad Taurum montem

1228 1114 2316 180 miora, ultra Taurum Euphrates : ab Assyrijs appellatur

1223 1208 2325 194 Almachar hoc est regitum flunaen, ab Iudaeis perat

1223 1317 2330 194 pherat, et Eddecel, à Stephano Euphrantes, ab alijs

1223 1416 2348 194 Euphretes, nunc Frataha persarum Regnum a Sulta

1237 1515 2325 203 no Ægypti dicidens. Hili modo ſtatis debus increscuit,

1210 1623 2361 194 Meſopotamiam inundat Sole dbtinente uicesimam pae

1219 1723 2343 198 tem cancri, minui uero incipit in uirgine. Ex Plini

1223 1844 2353 172 Iosepo Barbaro, Eugubino, Munstero, odoacre Barbessa

1020 1944 2140 180 87 Eupylis uicus Italiae, pelusianus est. Ex Merula,

1137 2052 2434 171 Eupylis lacus nunc dicitur Lacu monts orphani, Ex quo

1033 2187 2547 212 89 Europus urs Cariae, Idrias etiam dicta ab Ilrio ehrxsar

1237 2151 1183 149 Lambrus oritur. Ex eodem

939 2372 2637 181 190 89 Eurotas Thessaliae fluuitus, Titaresius ab Homero no

1237 2359 984 121 ris filio. Ex Stephano

1205 2508 2357 153 catur, ut et apud Varinum legendum est : ortus e T

1219 2602 2357 158 taro monte Olympo coniuncio, esſſtuens in peneun

1210 2701 2366 172 ſed cum eius aquis non commiſcetur, quoniam It

1214 2805 2371 185 ress aquae piagues ſunt ex quadam materia, et Sept

1228 2923 1991 166 aquas puras penei feruntur. Ex Strabone

970 3022 2615 167 88 Soluripus chalcidicus prope Eubeam, ubi olijsse dicitur H⟨⟩

1228 3121 2068 171 ſtoteles, Strictus Regoponti est. Ex Sabellico

1056 3220 2515 158 91 Exinus ponitus a Maeonile paludi ad Tenedum usq. uocat

1205 3328 2366 145 ab Herale, uel ab Ionibus, qui urbes in listore ipsius condict

1214 3410 2362 189 re contrario priori nomine, quod Heniochi, Sindi, et A

1214 3504 2375 212 chaei Scythae illi impoſuerunt, quod nomen erat Axs

1219 3617 2361 203 nus, tum propter eoram Saeuitiam, qui praedones et

1219 3721 2361 207 et hospites immolabant : tum propter ipsum mare, qu

1210 3852 2366 203 erat tempestuosum, in quod uiginti diuco fluuij deflucu⟨⟩

1232 3951 2307 235 nunc appellantur Mare maius ea ratione fortase,

1223 4046 2353 257 quia dicitur ab Herodoto esse maximum : et pars ppl

1232 4172 2303 226 est apud Maeotidem appellantur Mare Tanae a

1250 4285 2339 221 Tanui fluuio. Sed Euxinus pontus proprie dicebatur

1228 4398 2352 248 12 Cimmerio usa ad Thrucium Bosporum esso Me

3481 4569 95 149 or
