3666 5350
432 659 2721 165 313 Atria Venetiae urbs a Diomede condita, Æthria etiam dictat

780 789 2355 138 Thuscorum Colonia, quae Æthruriae nomen dedit, et

758 878 2399 160 mari Atriaco, quod Adriaticum, et Superum est : nun

753 994 2382 160 appellatur Adri ſub mersa uel maris inundatione,

758 1096 2390 188 uel paludum aquis, uel tepraemotu. Ex Liuij, Plino

771 1221 1026 120 Stephano, Volater rano.

660 1284 2546 173 Atria urbs Piceni in mediterraneis, Boeota a Dioysio prione

767 1395 2421 160 Siciliae Tyranno condita, uel ab Adrio patre Ionij Illyni

762 1493 2373 161 ci Regis, Boeotum Colonia, Romanorum postea : o

753 1596 2431 165 cta etiam Adria : fuit q. prope amnem Aternum

762 1725 2435 138 uel, ut ait Strabr, prope amnem Matrinum, qui

749 1810 2479 142 ab ea urbe fluit, nunc q. dicitur plumba, olim uere

762 1908 2355 151 habouit nauale Adrianorum uocatum ex nororine

758 2010 2377 179 ipsius met fluuij. Ex Strabone, pli. Steph, Isaacuo,

758 2131 374 151 leandro

441 2189 2716 191 914 Atrianus Venetiae fluuius ab Atria urbe uocatus, Atr

753 2309 2484 187 ſicus dicitur à Strabone, ab alijs Atesis, nunc Adise

767 2434 1382 147 Ex eo, Ptolemaeo, Volaterrano.

512 2523 2721 178 36 Atalia panpfyliae, uel Lyriae, uel Ciliciae opp. ab Astalo Philadel

758 2639 2426 169 po dictum, Agroira etiam, atq. Alloira, nunc Sattalia

758 2746 1101 174 Ex Stephano, Munstero

499 2822 2743 191 366 Aticitus fluuius Asia in Sarmatia, a Strabone Antiaca

753 2938 1856 200 tauocatus, nunc Latitus. Ex Munstero.

503 3040 2618 201 367 Atuacutum Tumgrorum Ciuitas in Gallia Belgica,

744 3147 2484 201 Aduacum ab Antonino nuncupateinm, nunc Anuorss

749 3290 1454 147 nobile emporium. Ex Roberto

508 3379 2689 174 318 Atueta Hispuniae urbs, Amagia est. Ex Volaterrano

530 3499 2730 161 339 Aturius Aquitaniae fluuius, appellatur Don. Ex Mnnst

503 3602 2676 160 370 Auanticum Sequanorum opp. in Gallia, est Auenche

758 3704 2421 170 pagus Heluetiorum inter Losanam, et Friburgum

749 3816 2484 165 uel euiuelsperg, aut Vuiſſlipburg, Alij tamen credunt

767 3905 2488 201 Fuiburgum ipsum fuiſse Auanticum. Ex Vadiano, Bea

762 4021 1954 178 to Rhenano, Altamero, Munſtero, Lazio

557 4110 2622 219 37 Auaricum Biturigum opp. in Aquitania, Bourges est

762 4266 2502 174 uel Viaron oppidum deletum pnope Bourges. Ex Mar

776 4360 664 165 liano, Roberto

539 4395 2689 219 37 Auasis Ægypti urbus, oasis etiam, Hyasi, et donmus pardia

762 4520 2453 192 lia dicta : ex qua fuit Soterichuis Poeta, qui res pa

780 4618 2426 197 triae Stuscripsit. Duris dixit esse Insulam Beatorcum

3005 4708 219 120 nunc
