3595 5350
1552 503 334 196 prinius

2627 570 138 116 1o

593 771 2756 214 115 Albiniarinium Ptolemaeo, Albion Intemelion Straboni, Liguriae:

900 691 1651 169 ni. Ex Strabone, Iustiniamo, Munstero.

892 887 2372 187 oppirum, Vintimilium est. Incolae dicebantur Liguure

606 1056 2681 219 116 Albion Insula ab albis montibus dicta, qui ſereno caelo ex

892 980 1253 161 Intemelis. Ex illise Blondo

900 1168 2391 231 Gallico listore uidentur uel ab Albione Neptuni fili

900 1297 2414 218 eem Herulis interenmit, Beitannia postea, uel preta

909 1413 2445 241 nnce m est apud Stephanum a Britone Rege appellaa

896 1542 2453 223 ta, uel a Bruto Syluij filio : inde a Locrino Loegriae

900 1654 2414 236 Anglbia taodem ab Anglis Sax onibus, quos Ingli

887 1774 2382 241 nos reocae Nicetas, Insulam occupantibus, nulgo Inghi

892 1876 2404 259 terra Ionigitudine E00 M. P. latitudine 300 M. ambita

2528 2055 255 107 cassar

883 2028 2399 250 7 28aqnam ex Romanis Inimus inctasitx Claudius Ru⟨⟩

900 2171 2257 200 pano Imperio udiecis : et totaum Vespaſianus Einu

936 2273 2320 210 nrres est, Albaenia, Albanatum ab Albanato La

900 2367 2320 272 cini fratre dicta, et Culedonia a Sylua, quae

896 2518 2395 246 Callendar nunc est, ael a Culedonibus Germanis ea

892 2670 2283 223 eccupantibus, arbbuc q. Dunchel oppidum incolentibus

878 2786 2485 254 Romanis Britannia minor, et Secunda dicta, nunc

900 2924 2369 250 cotia a Scetis eam possidentibus. Ab hac Inse

892 3031 2435 303 a Beitanniae, uel Brettanides, et Pretanides appellan

865 3169 2364 295 turr Hybernia, oecades, Insulae què aliae omnes

892 3321 2341 272 qpuae ciraum hanc ſunt. Ex Plini, Stephano, Beda

883 3428 2395 321 Niceta, Volaterrano, pehydoro, Beato Rhenane, Ioui

584 3530 2680 362 117 Albis Germaniae fluuius, Labyn dicitur a Boemis, quem

878 3691 2422 321 lomani nunquuim traijcierunt traiecit uero cum e

851 3852 2373 280 quritatu Curolus Quintus Caesar, et Saxones in

865 4003 2373 285 pugna uicis, eorum Duce capto. Ex Matthia a Me⟩

851 4128 982 218 chou, Loisio Auila

597 4222 2676 285 118 Abula Italia ftuuius in fſinibus Aretinorum ex Apenr

842 4360 2476 254 no ortus, Æthruscos ab Vmbris, Sabinis, et Latio

860 4444 2480 344 ſisimnus, quatuss et quudra ginta fluminibus aucu

3117 4672 143 236 in
