3698 5310
1000 486 2591 217 108 Metapontium, et Metapontum opp. Italiae in ſinu Taren

1217 610 2370 159 no, a Pylijs conditum, uel a Metabo Sisyphi filio, quem lea

1235 712 2347 168 li Metapontum uocant, unde oppidum ipstam ſic appellatei

1231 818 2342 177 fuit, et Metabus : olim Siris, postea Sirion a Sirin

1235 920 2347 190 filia Morgeti Siciliaea Regis uxore Scindi, uel a flua

1235 1053 2343 150 Hleracleum etiam, et Heracleab Hercule, et Polieum, et

1244 1159 2338 164 poliium a Polide mersatore, uel a templo Mineruae Hta

1253 1261 2320 150 Mtues⟧, quod templum ibi erat : Tinquo. Mineruae ipt

1253 1371 2316 137 ſtatua inclinata demonstrabatur, quam dicebant per

1235 1455 2334 146 clinasse cum : Troiani, qui urbem fabricauerant, ad e

1240 1544 2333 155 confugissent, Ionibus in ſeruitutem redigere eam uoln

1248 1646 2290 154 tibus : oppdum nunbo dicitur Pelicor. ; htrabo certe

1253 1743 2320 159 Plinius, ete Stephancus Sirinurbem inter Birin

1248 1836 2334 164 Acirin fluuios, quae postea Heraclea uo cata Sit, alia

1248 1938 2339 159 faciune a PorMetaponto, quae Tamen sit Metapontin

1240 2039 2342 155 ipsorum urbs  Metaponti uero incolas aliqui uocant A⟩

1248 2141 2330 133 bas, quòd Alybas prius uocaretur urbs ipsa. Alij atuiter

1248 2239 2325 163 Alybos intelligum populos, in Thracia, qui nunc Chala

1248 2345 2321 159 dicantur, apuud quos fuerunt argenti αλrBοο fodina

1253 2455 1860 133 Ex illis, Velleio, Isaacio, Vrino, Roberto.

1005 2539 2555 177 104 Metelis Ægypti urbs, Bechis est propse Alexandriam. Ex Srp⟨

1005 2632 2573 195 105 Metercosa Carpetanorrum Ciuitas in Tarraconensi Hii

1235 2756 1718 168 nia, Pedracia pierae dicitur. Ex Munstero

1027 2854 2343 177 106 Methymna Baeticae urbs, Sidonia est. Ex Marineo

1031 2947 2556 177 107 Metiosodum, uel Iosedum, ut legunt aliaui apud Caesarem, Ga

1240 3075 1802 141 oppdum, Corbel uocatur. Ex Glareano

1040 3141 2533 173 118 Metropolis Sarmatiae urbs in Europa, Miletopolis est. Ex Mur

1054 3247 2524 164 109 Metullum. Iapydiae opp. apud Strabomm, ab Appiano Mestia

1213 3358 2369 155 appellatur, a Paulo Diacono Medaria, nunc : noia in Stpy

1231 3473 1222 142 prope Ciliam. Ex Lazio

1023 3562 2550 177 110 Mida Boeotiae urbs uocata a Midea Hympha Aspledonis

1226 3677 2347 159 tre, Lebadea postea dicta à Lebedo Atheniensi. Ex patom

1049 3774 2520 168 181 Miletus urbs Ioniae praeclarissina in Cariaslonum q. St

1231 3885 2325 163 put, ab Ione condita, uel a Mileto filio Miconis, SuA

1240 3995 2329 168 ſinis, et Areiae : Lelegeis olim ab incolis uocata, poſtea

1235 4106 2325 164 pinis ibi primum natis Pityussa : inde ab Anacte Caelis

1226 4221 2334 159 Terraeq. filio Anactoria, uel Anactorium, Asteria etiam

1257 4305 2325 168 nunct Melassa : patria Cadmi, qui primus prosam oratist

1271 4420 1310 151 condere instituit : panria etiam

2590 4433 1006 182 Apaximandri, Anxinu
