3666 5350
780 784 2359 147 naica à Cyrene Ipsei filia, nunc Corena : in qua op

789 887 2373 125 pida fuere Xn milia. Nunc aspera, feros gignit ha

784 976 2373 160 mines ex Persarum genere, Barcaeos appellatos, Pto

793 1087 2324 152 ſtea Baricianos, Nomades, Numidasq. Alarafbos

776 1185 2399 143 et Arabus dicos, qui loca mediterran ea Maurita

776 1297 2301 143 niae, Numidiae, Aphricae, et Cyrenes tenent. Ex

789 1377 2377 178 Diodoro, Plinio, Stephano, HieronymofHids atio Nucula

548 1471 2600 191 2 Barcinon Hispaniae Tarraconensis, Ciuitus, Barcins ca

789 1555 2408 214 gnonine Fauentia a Plinio dicta, nunc Barcellona

793 1658 1659 205 Catalauniae metropolis. Ex Beutero

579 1774 2583 196 30 Bardorum uicus in Germania, Bardeuicus est in Sa

816 1899 909 129 xpuia. Ex Crantio

597 1957 2533 178 431 Barduli Hippania populi, Turduli etiam nuncupati a

776 2032 2377 188 Plinio, et Ptolemao, Castiliani ſunt. Hos Bargu

771 2131 2462 209 ſios Polybium uocasse facile cuediserim. Ex illis, Stephano

784 2278 768 174 Roderico Santio¬

628 2304 2583 250 42 Bargylla, uel Bargylia Cariae urbs pope Iasum et Cyn

780 2416 2368 241 dum condita à Bellerophonte in memoriam Bargylin

784 2550 2400 209 amici, quem Pegasus calcibus interfecie : a Caribus

784 2666 2378 187 appellatur Andanus, qui etiam dicunt urbem ipsam

780 2768 1860 187 ab Achille conditam fuisse. Ex Stephano.

624 2844 2587 209 33 Baris turris Herosoly,nae, Antonia dicta fuit. Ex Egesippo

735 2960 2427 156 Baris urbs Pamphyliae, Batis etiam appellata, et a Pse

767 3049 2274 178 ſidippo Oecia, ab Ephoro Synoecia. Ex Stephano

628 3116 2569 209 34 Barygaza Indiae intra Gangem emponum, Goa est, Lu

776 3250 2149 182 ſitanorum metropolis in India. Ex Rhamnusio.

619 3361 2498 169 35 Bascathmassa Iudaeae uicus, Besecathest. Ex Roberto

628 3437 2529 151 36Hastitani Hispanae Tarraconensis populi, Bassetam

780 3508 2386 192 etiam uocati, Bastetani, Basitani, Baſiſtani, Ba

807 3611 2408 187 testani, et Bastuli, nunc uulgo appuellaantur populi

923 3718 1966 205 Baza. Ex Strabone, Beutero, Munstero.

606 3820 2636 201 37 Bastrum Arabiae Ciuitas, Osra dicta, nunc Busrit,

771 3927 1895 196 uel Buzoreth. Ex Beocardo, Fulgosio

606 4012 2645 187 38 Batanatium pannoniae locus ſupra ostium Draui, Ba

798 4146 985 134 than est. Ex Lazio

637 4199 2605 192 39 Bataua castra in Norico, optpidum est, quod a Luitpran

798 4311 2457 178 do dicitrtr Boczinga, a Paulo Diacono Balzanum

793 4400 2440 201 a Germanis Baczen, a nobis Bolzan in Tyroli co

802 4534 1463 200 mitatu, ut et Laezius Scebit
