3666 5350
833 682 2462 156 us quidem mulieris Hesiodus in Catalogo, et Stesicho

856 766 2426 156 rus meminere : communi nomine ab Iudaeis Cedar

820 864 2391 170 uel Epham dicta fuit a filio Madiae. Eius tres

847 1007 2381 134 partes fuere Petraea, Deserea, et telix. Arabia

825 1092 2470 178 petraea est inter Ægyptum, Sinum Arabicum, Sy

842 1212 2467 147 riam, et Palaestinam Haec et Nabataea dicta fuis

847 1333 2350 147 a Nabato, Terra Hiessen ab Iudaeis, a Sarace

856 1444 2390 156 nis Barra, uel Barraara : quam incoluere Da

847 1564 2439 161 Chareni, Nabataei postea dicti, et ab Iudaeis Na¬

847 1667 2292 187 baiot. Amalachitae quoque, uel Amalecites, et

856 1796 2399 174 Malachitae a Malito uocati, et Gomolitae: Is

838 1921 2493 183 mahelitae etiam Ismahelis Abrahami filij ex Agar

874 2046 2346 178 posteri: inde Agareni appellati, uel ab Agara et

847 2162 2480 196 pido, quod Traianus expugnauit : postea Sarace¬

829 2282 2431 187 ni nuncupati à Saraca regione Arabiae posta

856 2394 2381 182 Nabataeos, quam incolebane potissimum Ara

847 2501 2381 187 bia autem Deſerta inter hanc petraeam est, et

847 2625 2390 170 filicem, Babyloniam, et Mesopotamiam, Schens

847 2764 2413 156 tes etiam uocata, et populi Schenitae, qui proprit

829 2871 2395 196 fuere Saraceni. At Felix Arabia est inter

838 3009 2475 196 Deseram, Persicum Sincum, et Arabicum, Sabaea

851 3160 2404 143 dicta ab incolis, nunc uero Hiaman : quam praei

856 3263 2448 174 ter Sabaeos incoluere Ammonitae, Moabitae, Idi

851 3392 2507 165 maei, Ausitidae, Minaei, Enchaei, et Themanitae

860 3499 2386 196 oſteri omnes Esau, Sed Saraceni dicti a Sa

847 3633 2404 192 racenis Nabatis, Nabataeis ue. Hi primum Ro

860 3780 2417 161 manorum arma cognouere Pompeio Magno in

825 3896 2457 187 Asia pugnante : postea Ælius Gallus ex eque

847 4025 2439 165 ſtri ordine oppida diruit non nominata ab au¬

856 4132 2426 156 ctoribus, qui ante Scripserunt : inde modo ami

851 4226 2449 201 ci, modo hostes Romanorum fuere uequi ad He

842 4360 2444 165 raclij Caesaris tempora. Tunc eninm a Roma

865 4471 2337 192 norum amicitia alien ati, christi fidus quam a

856 4632 2346 156 Paulo didicerant, spreta, impuri Malhometis dnrs

1565 584 317 147 primus

2524 548 192 160 19

3023 4765 281 107 mata
