3666 5350
807 708 2426 197 poboton quundoq appellat, quèd equis abundet ( quanuis

816 829 2430 165 aliqui credant Argos Hippoboton uocai ab Homero tota

851 927 2382 209 Thessalian) Argissia, Agissum, Aggeia, Agpura, Lari

811 1047 2417 165 ſa, et Arura etiam dicitur, et temporil us Strabonis

816 1136 2470 188 Argusz, et eius incolae Leontini a Leonter. Ex Stro

816 1248 1561 143 bone, Stephano, Eustathi, Varino

695 1319 2551 147 Argos Hippium in Daunia a Diomede conditum, Domedeia

802 1435 2484 170 postea uocatum, Lampe, Argyrippa, Argyroipium, et ab

793 1538 2502 160 Apulis Arptos, uel Arpi. Ex Strabone, Plinio, Stephi

798 1649 615 143 no, Isaacio

726 1707 2551 183 Argos Ciliciae urbs, Argerpolis postea dina. Ex Stephan

503 1801 2734 196 287 Argolicus ſinus, Caput Neapolis appellatur. Ex hophiano

517 1921 2444 156 288 Argyrutum Illyrici oppidum, obroatium est. Ex Iouio

503 2019 2788 170 239 Aria Asiae rigio, Turqueste Regnum uocatur cum Carma

807 2117 1529 147 nia, et Paropamiso Ex Munstero

780 2193 2515 129 ria Insula in Ponto, pharnaaea etiam Chalceritis dicta. Expli

521 2296 2756 156 290 Arialbimium oppidum Germaniae panzenhaym, uel Pantzenhet

771 2385 1895 160 nmus uicus est inter Rauricos. Ex Lazio

530 2492 2761 142 291 Arimaspi Scythae uocati etiam fuere Cacidiri, et Euer

807 2572 2470 156 getae, quod procella in eorum agros facta ipsi fugien

798 2675 2448 160 tes ſeruati fuerint. Aristeas hos Arimastos monocu

802 2773 2422 147 toa esse ſuripsit : qua causa Cyclopas huiuemodi ab

789 2889 2497 156 Homero confiaos fortasse credi posset. Ex Straboneo

780 2991 847 165 Plinio, Stephano.

544 3085 2707 182 297 Arimathia Palaestinae urbs iuyxta Diospolin, Samuelis

789 3218 2493 161 patria, et Iosepi, qui Christi Sepulturae interfuit, Arma

780 3321 2417 174 bhosopolis etiam appellata, Rama, Rhamita, Ra

789 3428 2488 174 matha a pastere quodam fulmine icto, qui Rhaman

789 3526 2502 187 thas propterea dictus fuit, ut declarat philon. Leuca

784 3673 2485 183 quoq uocata, Leuceacte, Aarina, Lyche, Lydia, et

784 3802 2467 152 Laodicaea a Laodice matre Seleuci Nicatoris : Hip

776 3901 2493 196 ronymi tempore Remphetis, nunc Ramula. Ex Ste

784 4016 1994 174 phano, Hieronymo, Brocardo, Volaterrano.

521 4115 2725 196 295 Ariminus fluuius in Gallia Togata, ab incolis Mari

776 4226 2439 183 ca appellatur, Marechia, aut Mariza : a quo

771 4333 2480 187 Ariminum uocatum fuit opp. quod nunc dicitur Ro

753 4453 2422 139 mini, Vmbrorum Colonia, postea Romanorum

771 4547 2529 183 Ex Liuo, Strabone, Gaudenio Merula, Interpretatio

789 4658 1338 152 ne Vrbium Italicarm, Iouio
