3595 5350
816 749 2368 129 RRege Tuscorum in eo ſubmerso dictus, Parensius olim,

829 829 2346 147 nunc Teueronus, apud quem Camillus Gallos truida

486 971 2712 201 20 Aniturgis Hippaniae opp. Cuenca est, uel Lobetum, quod

807 945 825 120 uit. Ex Landino

825 1119 2377 142 Mauris dicitur Auenranzis. Cuenca tamen nidetur

816 1226 2332 147 fuisse Valeria, Lobetum uero Turia. Ex Beutero

512 1306 2645 209 202 Anius lacus prope puteolos in Campania, Sudator

535 1533 2756 170 203 Anob palaestinae urbs, uicus est prope Diospolim, qui Bo

825 1426 2190 170 lacus dicitur. Ex Interpretatione urbium Italiae

553 1712 2649 196 204 Antandrus in Troia Leligum urbs, ut aciit Alcaeus, uel

816 1640 1650 161 thoannaba uocatur. Ex Hieronymo

802 1832 2409 165 Cilicum ut Demetrius Scepsius, fſub Ida ab Antar

834 1934 2381 156 dro Æolam Duca, Edonis a Thracibus colonis uo

834 2059 2368 161 cata, Cimeris a Cimerijs centum annis uinentibus

829 2166 2422 134 teoste Ariſtotele, nunc Sanctus Demetrius. Ex Strabo

820 2264 1182 134 ne, Stephano, Sophiano.

553 2354 2671 205 205 Antennacum Germaniae opp. ad Rhenum, Andernach este

802 2478 487 152 Ex Lazio

588 2563 2614 192 206 Anthedon Iudaeae urbs, postea Agrippias dicta, quoio

834 2675 2408 182 do etiam apud Iosepum legendum in primo dic Bello Io

847 2786 2359 156 Iaico : prius Geth, et Getha a Roboam condita, nuni

851 2889 2351 191 pbilim, est q. uicue puruus. Ex Iosepo, Isaacio, Bro

829 2982 308 165 cardo.

575 3058 2618 192 20 Antigonia Epire moropolis, Croia eoe creditur a Sabellicm

856 3174 2449 178 e Lazio. Munsterus autem Croiam credit fuisse Ereboea

851 3285 826 139 m in Macedonia

713 3357 2498 178 Antigonia in Arcadia, Mantinea prius dicta, Mantis

842 3499 2369 134 etiam, et ab Hemero Ionicè Mantinee, quam cgan

816 3588 2408 157 Vider cognominat, quia in planitie posita uitibus abus

816 3700 2248 134 daret, et idcirco amabilis esset. Ex Stephano, Varino

762 3789 2449 192 Antigonia Bithyniae netropolis ab Antigono philippi

842 3918 2382 161 lio condita, et appellata, postea a Lysimacho Nicaea nn

825 4025 2515 174 cta ex nomine axoris Antipatri filia. Ex Strabone a

570 4128 2654 174 ueAntinoeia, et Antinoi urbs in Ægypto ſupra Nilum ab

834 4235 2511 178 Antinoo puero uocata, et Adrianopolis, nunc Antios

829 4342 1209 160 Ex Stephano, Munſtero

584 4395 2676 210 209 Antiochia Syriae mecopolis Seleucilarum iegia ſupr

829 4516 2418 241 orntem fluium a L Sapiom copta Aueocho ſt

1494 624 401 165 primus

2506 566 201 160 10

3117 4636 170 134 rato
