3595 5350
1565 494 348 165 primus

553 619 2480 201 39 Acumincen pannoniae opp. Zalontemen est. Ex Lazi

566 749 2721 178 40 Acusiorum colonia in Gallia Narbonensi, Granopolis est, e

588 891 2766 245 41 Adadrinnon palaestinae Ciuitas in campr Mageddon, Maxo

865 851 1405 156 uallice Granoble. Ex Munſtero

905 1043 2413 165 nopolis postea dicta, nunc Subimbre : qù loco Iosia

905 1127 2409 192 Repo a pharaone cognomento Nechao uulneratus es

896 1257 2377 187 ſuper quo Heremias ſcripsit Lamentationes Apud

892 1373 2430 174 Strabum Sacrorum librorum antiquum interpreten

900 1498 2373 173 Adremnon perperam legitur. Ex eodem Strabo, Lo

628 1712 2610 191 42 Adami palaestinae ciuitas, Neceb ab Iosue uocatur

900 1640 1151 125 douico Romano, Roberto.

619 1903 2650 187 43 Adana Ciliciae urbs ab Adano Caeli, Terraeque filio

900 1836 603 130 Ex Roberto.

909 2001 2382 214 qui cum Saro Tarsenſibus bellum intulit ; nunc A

892 2135 1454 143 dena. Ex Stephano, Manutio.

624 2229 2632 182 44 Addomin uicus inter Hierusalem, et Hierico, ab Iudaeia

896 2340 2386 165 postea dictus Maledomia, à Graecis uero Anabasis

892 2465 2408 187 pyron, propter caedes, quas ibi crebro latrones faci

905 2590 2400 169 bant. Hic est locus, quem Christus Seruator ſiguifi

896 2706 2422 169 cauit apud Lucam, docens qui proximus diceretur

900 2844 2431 169 nempè onnis, qui homo esset. Ex Hieronymo, Brocardo

611 2942 2716 201 45 Adfines opp. apud Antoninum in Germania, est Pfinin

856 3058 1971 174 ripa Turi fluuij. Ex Beato Rhenano.

619 3152 2681 205 46 Adriani moles, ſiue ſepulchrum in Vrbe in extrema V⟨⟩

887 3276 2386 188 ticani ualle, quod Creſcentius Trib. et Bonifatius

905 3383 2400 197 Veii pont. Max. Alexanderq. VI munierunt Ti

900 3481 2275 219 beri circunducto : domus Theoderici, Creſcentij, et

874 3597 2493 255 Sancti Angeli Castellum etiam appellatum. Ex Abbateo

883 3727 1976 200 Vrspergensi, Volaterrano, Andrea Fuluio.

624 3794 2667 271 47 Adrianopolis Thraciae Vrbs olim, nuncq. uocata, Tu

869 3954 2400 201 carum Regia in Europa ante Byeantium captum :

887 4083 2395 188 Stranocera à Stephano, a Sex. Ruſfo Olympias, ab

869 4173 2404 222 tmmiano, et Iornande Vscuduma, et Vscudama, a

887 4284 2382 227 Volaterrano perperam Vschodonia, a Polybio The

887 4387 2453 285 bae, ab alijs Goneis, poneropolis, philippopolis, et Tri

2604 557 130 138 4
