3689 5270
1624 439 325 175 Liber

966 570 2406 185 nia, Aeria, et phut à Noae nepote. Quam partem premi

979 667 2420 215 incoluem Getuli, et Libes populi asperi, et inculti, Posteo

983 777 2350 206 poeni phoenices, qui Carthaginem fabricarunt, inde

979 887 2406 188 nulto post Vandali, Persae, deum Saraceni Arabes

988 983 2380 207 Sed proprie Libya dicebatur tota prouincia, Aphrica

970 1080 2402 215 uero pars ab Aphro Herculis flio Rege Libyae, par

1001 1198 2376 198 à Tusca fluuio Numidiae fine, uisq. ad Borion pro

996 1295 2363 215 montorium Syrtis : et Aphri ipsi populi, qui ſub C

996 1414 2376 215 thaginiensium Impetio erant. Haec pars ab Iona u

979 1510 2398 237 te Tharsis dicta fuit, ſicut Chaldaeus Interpri

979 1642 2442 198 uentit : Theodoretus autem auctoritate Aquilae, Theo

992 1734 2424 268 dotij ,t Symmachi Tharsim acipit pro Carthagine iph

983 1879 2446 215 ſa. Ex Iosepo, Plinio, Solino, Stephano, Isaacio,

992 2042 905 175 arino, Munstero.

693 2064 2736 307 u5 Aphrodiſias Regi Alysiae Politiaeorgus etiam dicta. Ex P

702 2226 2736 242 u26 Apollinis promontorium in Mauritania Caesariensi, ciuſ

1005 2336 2372 228 nogij a plinio dicitur, nunc Zaphanium, uel C lu

1010 2463 2419 211 um : quod tamen Lreditur fuise promontorium pulds

988 2643 470 106 Ex Iouio

702 2648 2578 189 127 Apollona Asiae urbs, Allambonum est. Ex Munstero

851 2788 2561 167 Apollonia in Cyrenaica, Cyrene quoquì dicta, nunc Bia

992 2898 1493 158 nandria. Ex Stephano, Oliuanio

900 2981 2534 185 polonia in phocide, quam Apolloniada appellant, Cype

1010 3091 2380 163 pissum Homerus, alij Cyparissaeam, et Cyparissuntan

1018 3205 2425 185 nopter cupressorum copiam, ut ait Didymus, uel a Ey

1014 3306 2411 189 pmrisso Minyi filio : Eranon etiam, Erannam, et E

1014 3421 2402 184 rannum postea Anticyra ab Anticyro, qui Hercut.∧x ae

1014 3535 2371 180 qualis fuuit : in hac optimi praeparatur elleborum

988 3631 2007 180 Ex Strabone, pausania, Stephano, Varino

913 3724 2534 193 Apo llonia in Creta, dicta deinde Cydonia a Cydone A

1027 3829 2438 233 pollinis, et Acallidis, uel Acacalidis Minoe genitaet

1023 3965 2433 215 filio. Eeutheracleni etiam patris, nunc Canea, uel Ca

1027 4075 2385 220 nia,. Cuius ciues Hylees dicebantur, et Cydonij. Ex

1032 4194 1251 153 Stephano, Varino, Sabellico

988 4281 2446 189 pollonia in Ilyrico Corinthiorum, et Corcyraeorum Cobi

1027 4391 2363 250 nia a Cylace doiunta, unde Gylacea uocata fuit, e

3236 4562 211 93 nuns
