3666 5350
445 633 246 156 340 A

776 624 2122 156 ua Hispaniae opp. in oastica : Marchena est. Ex Marineo

437 695 2707 187 38 Acola italiae urbs in canpunia, unrct Acelanae falulae rictae, delet

758 815 2408 165 est, et ex ruinis canditum Aluersam opp. à Eubertr Gcuis cn

771 936 1102 138 de Nermanno. E Blonro

486 967 2676 205 18 Arrnus fluuius Itoliae inter Vestinos, et Marrhucinos, quem Au

776 1087 2417 161 ternum Strabr appullat : cum oppid eiusdem nominis, quod

780 1185 2408 174 Veſtinorum, et Frentanorum nanale fuit : nunc fluuius, et

776 1292 2247 170 oppidum appellantur Piscaria. Ex Strabone, et Blondo

472 1377 2676 210 380 Ateste Italiae oppidum in Venetia a Dardano conditum, uel ab

762 1489 2404 200 Ateste Henetorum Date, qui cum Antenore in Italiam uro

784 1587 2404 191 nit, uunde à Plinio Venetorum mater appellatur ab aliqui

793 1671 2413 228 bus Ateustum dicitur, nunc Est : quòd ab Asila euersum

784 1787 2440 196 inſtaur atum postea, ab Othone Caesare auno y55 dono

784 1917 2378 187 habouit Albetactius ex fumilia Leraia eius gener

780 2032 2417 179 inde Oius posteri principes nobilissimi Atestini, et Estensis

793 2135 2369 219 uocati a loco ipso fuere E,xliacobaie, Blonio, Benio,

793 2296 446 169 Auentino.

566 2349 2694 236 392 Ithanagia Hispaniaourbs Tarrgga est, udl Murega: quonianu

780 2474 2444 214 ſunt qui uolunt Tarreganm fuisse a Ptolemaeo arraganm

793 2603 1535 170 uocatam. Ex Beutero, Munstero.

548 2652 2640 241 359 Acharoth urbs Iudaa, nunc deicitur Atharus. Ex Hieronymo

557 2790 2582 228 384 Athenae Graeciae urbis celeberrima, Cecropia olim fuit at

807 2880 2332 223 Cecrope primo Rege, qui Atticos in duodecim oppidis

811 2987 2426 236 dicuisie Ceaopia, quae fuit arx Athenarum, Tetrapdi,

807 3107 2323 236 Epacria Decelea, Eleusine, Aphydne, uel Aphyduis,

883 3236 2354 196 horico, Brabrone, Cythero, Spheto, Ciphesia, et phaler

847 3357 2408 178 Theſeus postea in Cecropiam reduxit omnes illorum ur

820 3455 2422 178 decim oppiderum incolas, et a Minerua Athenas ur

833 3557 2351 170 cauit, quae urbs Posidenia a Heptuno dicta fuit p

829 3660 2377 178 et Graeciae Imperium obtinuit : ſed ab Archelao Mithyy

833 3776 2413 178 datis praefectr occupata, à L Sylla in libertatem re

820 3892 2346 196 ſtituta fuit. dict. post modum cum Peloponneso ar

825 4016 2452 170 Graecis, et Gallis etiam aliquando posseſsa : quam tan

829 4137 2444 192 dcm haburre Aclioli Florentini. Sed Turcae captuum

833 4257 2462 201 euertere anno 1282, Sithinem q. uocant. Athenien

838 4373 2404 192 ſes ipsi a Cranao Rege dicuntur Cranai, a Cecm

825 4498 2381 205 pe Cecropida, a Thesro Theseidae, a Codro Codida

3095 4618 133 103 Ere
