3698 5310
1235 513 2011 199 quod fuit Ratiastum. Ex Marliano, Munstero

1000 632 2565 168 441 Lencias Pannoniae opp. Eynczium est in Austria. Ex Lazio

1018 725 2551 160 32 Lentudum Pannoniae urbo, a Scoto Mariano Leonata

1248 818 2348 168 dicta, nunc Lutenberga in finibus Styriae, et Vngatiae

3383 893 97 111 B

1240 929 487 141 Ex eodem

1000 969 2600 199 43 Leyntium Germaniae opp. in Vuandalia, Lemz est. Ex cou

1009 1088 2591 186 q4 Lephana Gernaniae urbs, Hanofer appellatur : uel haeca

1253 1221 1523 155 tè fuit Leupharia. Ex Roberto

1031 1252 2565 230 148 Leprium Elidis opp. in Peloponneso, Epina dicitur a Strab⟨⟩

1031 1354 2560 216 46 Leptis magna Aphricae urbs, Neapolis dicta, Tyipolih

1279 1455 2312 186 catur : tres enim urbes continet Oeam, Taphrem,

1279 1588 1612 128 leptim. Ex Strabone, Gollenutio

1023 1646 2564 177 47 Lerona Insula in Galliae Narbonensi, contra Vari Dſ⟨i⟩

1266 1743 2330 181 Leres appellatur, uel Sancta Marghaneta. Ex Ioco

1027 1849 2551 186 48 Lesbus Insula in Ægaeo Sc0 ſtadorum longiudine,

1288 1960 2308 177 1100 ambitu, ab Ida olim abrupta, ut aeditur, Mistyhio

1271 2075 2311 159 ab oppido ddicta, a Callimacho Mytanis, Macaria

1288 2190 2303 181 praterea, Hemerteſ uel Himerto, Lasia, Ægira, M

1279 2309 2312 177 thiope, Issa, Isa, uel Isia ab lsa Nympha, quae ex

1297 2416 2303 168 Mercurio, qui Cadmus uocatur in hac Insula, pephi

1288 2526 2312 173 prylim illum, qui muneribus a Palamede accep

1284 2646 2320 172 Graegos douit modum Ilij capiendiper Durium oqpua

1279 2747 2325 186 Pelaogia etiam dicta fuit quòd à Pelagis possessu

1306 2876 2294 163 ſit, quos ex Thessalia eiecit Deucalion : nunc Metro

1302 3000 2298 155 in qua fuere oppida neuem, etmontes quinq. urt

1302 3106 2298 164 praeclarissimorum patria, Sapphid etiam nobessia

1306 3216 2294 173 poetriae. Ex Strabone, Plinio, Stephano, Eustatho,

1302 3358 1107 151 nea Syluio, Vrinoa.

1089 3442 2515 195 49 Lesti popui Indiae puura Gangem fuer ubinunc est E

1297 3593 1997 181 gptum Pego ab urbe uocatum. Ex Barroso

1089 3721 2520 177 50 Bestrygones fuisse creduntur Leontini in Sicilia : Ex

1293 3863 2320 159 quidem Lestirgones cum Cyclopibus primi incoluere eo

1319 3978 2285 172 Insulam. Sed plinias formias ſcipsit esse antiquam

1310 4119 2162 164 ſtrygonum ſedem. Ex eo, Homeri Schrijs, Isaacio,

1089 4208 2520 186 51 Lethe Hispaniae fluuius, Guadalete uulgo dicitur. Suara⟩

1297 4323 2312 172 qui credant Lethem fuisse Limaeam, Æminium et

1302 4425 2307 234 aTeellaum, et Lenium, et Belionia, ul, ut Viuos E⟨⟩
