3681 5350
588 566 2285 165 dili in polanis, Vuagrijs, Vuinilis, obotritis, Heuelli

593 677 2311 143 Vchris, Licicatilcis, Lusilcis, et Vulanis, qui quidem

588 775 2330 161 nunc appellantur poloni, podolij, Russi, Lituani, liuo

588 869 2392 143 tij, alijs q. nominibus : et eorum Vandilorum reliquiae

584 954 2360 187 adhuc ſunt ab Oldenborch Holsatiae usq. ad prussiam

580 1052 2346 178 uocantur q. Vuenden. Suut etiam qui credant po

597 1177 2276 178 lonos Sidonas nuncupatos a Ptolemaeo, Sitonas a

580 1275 2288 182 Cornelio Tacito, et eorum prouincia Polonia a

611 1373 2324 196 pole, quae uox Sclauorcum lingua planiciem ſignifi

588 1480 2392 191 cat. Ex Strabone, plinio, Stephadio, Vuitilcindo, Saxone

593 1573 2427 192 Dano, Annio, Ænea Syluio, Mutthia Sarmata, nraeram

602 1658 1994 196 zio, Oliucuio, Erasmo Stella, Martino Cromero

379 1725 2623 232 60 Sarnus picentinorum fluuus in Italia ex Sarno mon

584 1841 2302 209 te defluens, Scafatus est prope Nuceriam. ligna, eti

575 1957 2401 191 folia, quae in eum decidunt, dicuntur lapidescere. Ex Blondo

374 2064 2610 178 61 Saronicus Sinus in peloponneso, Salaminiacus, Pontus

593 2162 2360 187 et Poros dictus, est Gulfus lesinae. Ex Strab. Bordono

365 2260 2611 169 62 Sarra phoeniciae urbs, dicta a Sare piſce, qui ibi abun

602 2358 2360 174 dat, Sidoniorum colonia : Tyrus etiam a Tyro phoem

597 2469 2316 192 tis filio appellata, uel a Tigra filio Iaphet, qui eam

597 2576 2432 201 condidit, ab Iudaeis Sur dicta. olim Insula erat Xix

606 2697 2280 183 Me p. circuitu, cum oppido circuitu ſtadiorum XXII

606 2786 2472 205 quae Insula a continenti distabat p. Occ, a Nabucho

615 2897 2329 197 donosore primum, postea ab Alexandro oppugnata

593 3027 2400 196 et continenti iuncta. Hinc originem habuere Poeni

606 3134 2419 196 ut Ennius testatur, qui et ipse Homerum ſecutus Sar¬

602 3250 2418 200 ram appellat, inde Virgilius Sarranum ostrum Sy

606 3366 2254 187 rium. Ex Iosepo, Plimo, E. Cuuio, Gellio, Seruio

611 3490 937 152 Stephano, Munstero

361 3495 2668 258 65 Saruinetes Germania popul prope Rhenum a Sara fl

611 3651 2387 196 co appellati, nunc dicuntur Sarganseri, et fluuius

629 3771 1021 179 ipse Serz. Ex Ægidio

397 3838 2592 205 64 Sarus fluuius in Cilicia a Saro dictus, prius Coeranus

611 3941 2338 200 prope quem Heraclius ſuperauit Cosdroa Regem

620 4052 1481 214 Persarum. Ex Stephan, Bucatio

410 4079 2615 276 65 Satra Cretae urbs, postea Eleutherna dicta. Ex Stephano

401 4230 2628 223 66 Sauaria pannoniae ciuitas, Sauana apud Antoninum

611 4315 2467 241 Greiz esse dicitur in Austria a Munstero : a Lazio au

642 4516 477 183 tem Grac

1240 4404 1910 254 Syriae metopulis, quam alipu Graecium fuijs u
