3840 5310
1288 455 2396 248 inos ex Nepuibſi Auos cuitium curonea r

1293 615 2383 177 te po Sychreta lepur. Ex ipsu Eusebio, cicenour Stra

1302 703 1430 133 bour, plico, Stephano, Vurino.

1262 769 2418 177 Salaminia Cypui urbs condita a Teuuo celamonis Nr

1306 862 2365 160 post Aiacis mortem eo acedente, Amathon etiam

1297 933 2383 177 cta ab Amathonte Hercultis filio, uel ab Amathusa e

1302 1013 2374 190 nyrae matre : constantia a Conſtante Caesare, nu

1302 1110 1342 146 tamagosta Cypriorum Regunio

2679 1119 997 173 ſedes, uboi colebatur Iupp

1297 1203 2356 164 ter Salaminius. Ex Vlleio, Tacito, Stephano, Vadbi

1045 1265 2591 195 26 Salanga mons in Hybernia a Salango Barcolani

1302 1376 2334 150 qui Hyberniam primus incoluit, nunc dicitur Mons

1297 1460 2374 150 cti Dominici ab eius templo in radicibus montis posieu

1284 1548 527 106 Ex Bucatio

1062 1588 2618 173 7 Salapia Apulorum Dacaniorum urbs in Italia, Annibalisam

1275 1694 2387 137 retricio amore in chyta, a Diomede, uel Elphia Rhodo.

1284 1787 2378 133 Ionium mare condita, a ciuibus autem euersa propte

1275 1876 2383 146 noyxium aerem, et 1x M. P. ab antiquo loco coudite

1271 1955 2126 160 nunc Sapri. Ex Plutarcho, Vitruuio, Munstero.

1036 2026 2613 177 28 Salaſsij Italiae popure ferocissimi, et praedones, et propter

1266 2141 2392 120 deleti ab Augusto, XXXI M. caesis, reliquis ſub coron

1248 2230 2423 146 uenditis ad Eporediam, Monferratenses, et Salutianiq

1280 2318 1811 124 ſe reduntur. Ex Strabone, Volaterrano

1036 2393 2604 151 29 Salduba Hispaniae urbs ab Iuba condita, Agrippa dicta

1262 2495 2391 137 pstea Caesaraugusta ab Augusto post Antonium eet

1266 2575 2379 168 ctum, nunc est Saragoga Aragoniae metropolis Sx

1271 2659 1359 142 plinio, Gerundensi, Marineo.

1023 2761 2639 155 30Salenae Catyeuchlanorum opp. in Britannia, Oxonia ta

1266 2836 2387 173 ab Anglis dicitu Oxford, et oxenford : uel est San

1253 2933 1546 146 ctus Aibon. Ex Roberto, Munstero

1062 3013 2507 159 31 Saletio Germania opp. Selkz est in Alsatia. Ex Lazio

1089 3088 2569 177 S2Sali Sarmatiae populi in Europa Aorsis, et Agathyrt

1244 3199 2392 159 poximi : in pannoniam uenere, ubi Breuci dicti fuere

1266 3283 2365 164 posſtea in Gedmaniam, et cum Arthuarijs, et Turingijs

1257 3358 2392 155 ad Rhenum a Clodio eorum Rege duci potentiam a

1257 3442 2383 182 xere : iungentibus se cum illis, omcibus Bermanis, quoi

1248 3526 2401 173 Romanorum Imperium detrectabant : et communi au

1235 3628 2418 150 mine ſe ipsos uocarunt Framcos, uel quòd Roma

1244 3721 2387 159 nis ſubditi non essint, uel ap Franco Hectoris filo

1240 3801 2418 181 gentis aucrore. Gotehis poſtene Aquitanis, et longpebar

1231 3902 2400 155 dis, qui in Gallia erant uictis, regionem illam occui

1248 3978 2370 181 parunt, et Franciam ſuo de noine uocarunt : uel

1253 4110 2369 146 phrangis populis, quos parthenius phoconsis in prin

1226 4190 2405 155 nominat circa haec loca. Hos francos Nicetas appel

1235 4261 2392 177 iat Franciscos, et antea phlannones appe llatos fuit

1248 4349 2374 164 ſe testatur E ipso Niceta, Ptolemaeo, Sephano, Hunmi

1244 4433 2427 191 baldo, pcuto Ænytio, Volatenoano, Gaquino, Rthenano, Merb
