3681 5350
633 508 2338 241 prinus Hen his nusininni, it ael a b Aorstia un

633 673 2343 151 Oreſtiadis Nyrmphis : ab aliquibus dicitur Oreſtia, ab alijs Ni

646 753 2343 160 peicn, et Nepeta, quo nomine etiam uocatur planicies in ips

624 811 2378 209 Mysia a Nepeia Iasi olympi filia, quam quidem planicien

638 909 2333 183 Callimathus ait Nemesim possidere : unde et plauiciem, et

633 980 2360 201 urbem Apollonius appellat Nepeion Adrastiae : Nemesis et

642 1070 2316 214 nim ipsa Adrastia uocatur ab Adrasto Rege. Sed Strabo

646 1150 2334 214 et alij parium ab Adraſtia ſeparant : Stephanusq. Adr

642 1239 2320 227 ſtiam collocat inter priapum, et parium ad propontid

651 1328 2342 227 u Adrastia ſit rigio priapena, ſicut Strabo ait. Ex illi

660 1466 1575 174 Plinio, Eustathio , Varino, Munstero.

446 1444 2565 325 17 Parmasia, uel parbasia Arcadiae urbs dicta propter lycut

638 1555 2315 259 nis pagaropuiar hoc est iniquitatem in Iouem : postea

2110 1645 874 165 ius filio, uel Martis, et

673 1734 1250 174 Parrhasia à parrhaso Lycaon

669 1747 2253 245 philonomiae ex Schaljs in Homerum, Stiphano, Eustathica

486 1818 2485 277 8 Paropanſus Asiae regio inter Ariam, Bacerianam, Indian

664 1899 2338 281 et Arachosiam, Turqueste dicitur ſimul cum Carmam

673 2104 906 134 et Aria. Ex Munstero

1673 2001 1343 250 ia,ubi obijsse dicint Thucydiaem

517 2171 964 191 9 parpuram Æolica rigio

687 2180 1548 258 ab alijs uocatur perine. Ex Stephano

490 2175 2552 361 S30 parthax Italiae Ciutas, postea dicta fuit Cylistanus a d

669 2300 2338 281 cone quodam magno interfecto ab Herale, ſiq. uolue

2262 2425 419 129 u Varino

678 2452 1557 214 te Soc enim ſigofut rλiοσŃrcu

499 2501 2521 254 31 Parthenius fluuius in Samo dictus quòd ibi alta Sit Iu

687 2585 2329 246 no uirgo, ut Callimachus ait, Imbrasus etiam uocaba

691 2697 1887 232 tur, et Amastris. Ex Ioanne Tzecee, Varino

522 2741 2534 295 32 Parthenope Insula prope Italiam in Tyrrheno, a Collenutio

696 2915 1499 183 betonte dicitur, a Bordono palmosa

691 2889 2356 289 ſarthenope urbs Italiae Cumaeorum Chalcidensium, aut Rheo

700 2991 2351 272 diorum opus, ab una ex Sirenis uocata : dicta etiam ph

709 3085 2347 263 lera, et Heapolis, quomodo adhuc appellatur, Rigni ab ea

704 3214 1776 214 nuncupati metropolis Ex Strabone, Steph an

2471 3196 598 187 caniam, Aria

535 3272 1869 263 35 Panhia Asiae prouincia inter Mediam , He

700 3339 2374 258 et Carmaniam, unriq. deſertis cincta : Sammarcatis nun

700 3513 1124 174 dicitur. Ex Plinio, Corsalo

1909 3464 1125 191 rum urbs, Agria est ab A

548 3566 1330 228 41 Partiscom Iaeygum Metanas

736 3566 2320 321 grianis Illyricis uocata : uel ab Agrijs ihracibus popar

2311 3660 745 151 olybio in decimo

727 3718 1481 240 us inter Æmum, et Zhodopem : qui

722 3744 2334 321 ſauo Agraeae dicuntur, n  Theopompo Agraei, et Agrita

727 3838 2329 317 a poita qurdam Agrianes  quorum repo Agria appella

1954 3954 1088 196 ricum nascitur : collocatur

727 4034 1093 237 ur a Dioscoide, in qua

2039 4065 986 157 iit Ioannes Manardus

722 4132 1165 201 in Sarmatia : ut ante alios

727 4150 2373 286 firrariensis Medicus ⟦doctissimas. Alij tanen putant pat

736 4360 758 174 piscon esse oppidu

1548 4239 1570 214 parocelo pope Agriam : quod nome

1508 4351 1601 178 raeterftuente pa rtisto, qu alio nomitr

740 4458 701 156 habuit a fluuio

1454 4436 107 133 t

1735 4422 1383 205 nunc Tsa E ests, Stphano, Bo

887 4556 290 116 llatur

1204 4538 228 116 Tibis
