3698 5413
907 613 2669 235 104 Cartana opp. Gedresiae ſub caucaso, Tetrggonis etiam

925 789 2660 216 105 Cartennae Augusti colonia in Mauritania, Ctrcello est

1210 775 708 122 tur. Ex Plinis

1241 897 2330 208 aut Silif, uel Silese, aut Mustagae. Q Oliuano, Mun

957 1055 2628 235 106 Carthngo Aphricae urbs, Tyros, Byrsa, Caenepdlis, Cai

1250 1046 935 131 n, Iouir, Castaldo

1250 1177 2339 203 Oenussa, Caccabe, quo d eorum linqgua equi caput Sel

1250 1276 2344 203 ficat, et Cartbada nuncupata, a Graecis Char Carchao

1255 1380 2334 212 condita uel a Carchedone phoenice, uel ab Elissa

1259 1488 2335 208 ria, quam Didonem uocant, EXV annis ante Roma

1246 1583 2357 234 ſtetit annis octxrei,totam q. Libyam cultiorem ſub

1259 1723 2335 185 ditione habuit, et in ea urbes trecenas. Cxr anam

1255 1808 2352 208 cum Romanis Bellum gessil, au fub infida pax itari

1273 1917 2325 203 a Scipione incensa, ſolum datum Massinissae : inde

1255 2052 2352 180 Romanis instantrata, maximè q. ab Adriano, et ab

1264 2142 2343 208 modo, ab ille Adrianopolis, ab hoc Alexandria Conm

1268 2259 2335 199 diana dicta. postea a Genserico Vandalo capta

1286 2363 2303 181 no christi coxt iit, et popxcr annos a Bellisario

1268 2471 2335 176 cepta Iustiniani tempore : iterum incensa ab Aldala

1282 2580 2334 189 Saracenorum Regò ann DccLXXiX. Ex Polybi

1282 2683 2339 212 Strabone, Velleio, Lampridios, Procoprio, Stephano, aue

1291 2819 1016 167 Ricuobaldo, Munstero

1223 2882 2384 171 Carthago in Turrconensi Hlispania urbs, Caenepolis et E

1282 3013 2325 171 dicta, Spartaria etim, olim Carthageta, et Testa

1309 3116 2289 158 Testo quinto Hispaniarum Rege condita, a Teucro

1304 3225 2308 153 lamonis filio aucta, et iterum ab Asdrubale, inde Ton

1291 3328 2325 163 e2 Carthago nona appellata, nunc uero Carthagenant

1065 3482 2551 185 107 Caryſtus ⟦caboea urbs ſut ochemonte a carysto Chironis

1291 3441 1029 118 Ex Stephano, Beutero.

1286 3608 2326 167 lio dicta, chironia a Chirone ipso, Æigaec ab Ægaen

1313 3716 1802 149 Rege : nunc deleta. Ex Stphano, Eustathno

1241 3793 2371 158 ar,tis nons Euboea, Ægaea, et chironia dictus, ut urdb

1313 3919 2303 109 quae ſub ipso erat, Arson praeterea, Oche, et Oches ab

1304 3992 2317 148 xcias Iouis un Iunone, nunc est promontorium Me

1295 4073 2330 158 telium contra chium. Inde marmor Carystium fui

1286 4172 2335 176 et in lapidicinis Apollinis, Marmarini templum. Ex Stepo

1286 4285 1256 149 no, Eustathio, Varino, Iouio

1056 4343 2556 158 188 Casa candida in Byritannia, Sanai Niniani oppidum es

1300 4465 975 113 Scocia. Ex Polydoro.

1074 4519 2515 194 109 Casilinun Italia oppin Campania, Castelutium est Ex
