3689 5270
1624 452 325 197 Liber

658 566 2692 268 139 Andrapa Galatiae oppidum Neoclaudiopolis postea uocatur

966 693 2393 194 ad diferentiam Claudiopolis Bithyniae, quae prius Citb

966 825 1980 171 nides, et Bithynium appellabatur. Ex Ptolemaeo

685 891 2692 237 30 Andreis Thessaliae regio ab Andrers Epeoclis patre, poste

988 992 1734 242 phlegyantis a phlegya dicta. Ex Stephano

689 1093 2165 259 191 Andriace Lyciae urbs, Gorante est. Ex Munstero.

680 1163 2692 321 192 Andros Cycladum una ab Andro Earymachi, uel Ananis fe

983 1282 2385 290 Augurium etiam uocata ob uaticinandi ſcientiam, e

983 1370 2398 307 ros item, Antandrosquè à Mirsilo, a Callimacho

1014 1506 2385 312 ſia, ab alijs Nonagria, Hydrussa, et Epagris, aumbit

988 1646 1919 273 93 M. P. Ex Plinio, Stephano, Bordono.

715 1765 2719 272 193 Anemo Italiae fluuius prope Fauentiam, Lamon est. Ex rop

715 1901 2662 228 194 Anemoria urbs inter phocidem, et Delphos edito loco ſita

1014 1998 2380 237 Hyampolis etiam, Hyantum, et Hya dicta, quo accessea

992 2103 2402 255 Hyantes a Cadmo Boeotia, Thebisq. pulsi. Anemi

1018 2222 2385 232 lea postea appellata Cui imminet Catopterios, uel

1014 2349 2420 189 ut alij uocant, Catopterion locus eminens ex parnaſt

1023 2459 2406 215 ductus, ex quo die, et noctu impetuosè flant ueb

1010 2582 2002 202 Ex Strabone, Stephano, Eustathio, Varino

755 2678 2679 220 195 Angentas Hispaniae mons, Serr Alcaras uulgo dicitur. Ex

1027 2845 681 136 Mario Aretio

755 2858 2639 242 198 Anggi Germaniae populi in Saxonia, Angiri, Agriqui

1027 3021 1182 176 unt. Ex Albero Crantio

799 3025 2622 299 07 Angolus Vestinorum oppidum in Italia, Angula plinio

1036 3210 2016 189 nunc Sanctus Angelus in Aprutio. Ex Bondo

794 3276 2631 263 198 Anicium Aquitaniae opp. podium etiam uocatur. Ex Ga

1049 3491 312 140 guino.

799 3544 2652 219 99 Aniger, Anigrus ue Thessaliae fuuius, Minyeius ab Horp⟨o⟩

1027 3684 2372 176 ro appellatus a Minyis, qui ex Lemno Spartam, ex

1049 3785 2341 171 Sparta accessere in Triphyliam circa Arenem : postea

1049 3908 2328 167 corupti Minterius uocetus : in quo Centauri uulnera

1040 4040 2359 140 uere ab Hercute accepta, hinc eiue aquae coenosae fact

1036 4128 2354 171 uel quod Melampus his aquis ad proetidbo purgandas u

1058 4224 2349 185 ſit, uel quod in illum purgamenta prolecerit. Ex Strab

1049 4369 1120 101 Pausania, Eustathio, Varino.

764 4404 2692 220 205 Ano ſtunius in Latis in monte Trebunorum artus ab Anmt

3293 4532 154 232 na
