3681 5350
865 713 2432 129 nunc Marchia Taruiſina. Ex Catone, Strabonr, Liuis

611 882 2561 125 q2 Venodetia Britanniae regio inter Sabrianam, et De

887 780 2236 138 Seruio, Eustathio, Subellico, Blondo, Satellico, prisciao

633 1012 2530 182 48 Ventatm Britanniae urbem, Bristoum alij nunc appellant,

874 967 1816 134 nam fluuios, Nortunalia est. Ex Munstero

874 1132 2374 152 alij Vintoniam, et culgo Vuyncestro. Vtriq. fortesse be

896 1239 2352 129 ne : nam duae fuere Vertae in Britannia, Belgarum

883 1306 2387 142 altera urbs, altera Simenorum. Ex ptolemaeo, IPolyde

673 1448 2463 183 44 Veragri Galliae populi, Valeſij inferiones ſut. Ex Rhellicano

887 1395 572 152 ro, Munſtero

660 1547 2570 169 43 Verbanus lacus Italiae quadringentorum Stadiorum longitudine, ut au

883 1636 2360 147 polybius, ex quo Ticinus oritur, ut et apud Strabonem legor

646 1796 2562 179 46 Veria Hispaniae opp. est castrum Sancci petri oretam in

905 1707 2262 156 dun est, nunc dicitur Lacus maior. Ex Blondo, leanrio

856 1917 1191 102 Cathalauniat. Ex Marineo

664 1930 2544 187 45 Veromandui Galliae populi, Vermandois ſunt. Ex Martiano

700 2041 2548 174 18 Verona Italiae urbs, Brennona uocata fuui a Brenno eiuus

865 2126 2401 161 conditore, ut aio pontius Verunius : Sed plinius eam con

878 2211 2361 178 ditam ſcibit a Rhaetis Euganeis, Semponius a, Tusci

878 2296 2388 214 ijs, qui ex Vera familia fuere , unde orignie m coserit Anto

892 2407 2324 183 ninus Caesur. Colonia Romanorum : patria Catull, Æ⟨⟩

883 2523 2409 178 mylij Macrs, et patrum memona Guarini optimarum litera

861 2625 1798 157 rum instaur atoris post Barbaricus clades

664 2692 2628 188 49 Vertodunum, Virodunnm ue Galliae opp. Verdun est in Lotcha

874 2835 870 125 ringia. Ex Martiano

664 2790 2624 272 30 Veruca Illycuic opp. in Aquileitu: agro fuitu, ubi potea Theo

874 2933 2392 227 doricus Gothorum Rex condidi Montem falcum ad Sona¬

883 3053 2418 206 tj amnis caput, duobus M. P. a mari distans. Ex Beraunde

896 3196 893 156 Iupiniano, Sabellico

678 3214 2507 245 31 Veſcis Hispaniae urbs, Vesci, et Fauentia dicitur a Plinio

651 3312 2597 268 32 Veſeuius Italiae mons altessinus in finibus Ligurum, ubi

901 3455 2275 223 padus oritur, Vesulus etiam dictus, nunc Montanis

883 3597 1272 174 Ex Plinio, Seruio, Munstero.

696 3646 2601 219 93 Voſuuius mons Campaniae non longe a Neapoli, qui an

878 3749 2410 201 tea, et Titi etium principis tmporibus arsit, ubi Plia

870 3860 2427 197 nius obijt, et nostra aetate anno 1538 Veseuus qu

883 3967 2423 219 dictus, et Maeulus, nunc Mens Somma : in quo Pom¬

883 4057 2396 218 peianum uinum nobile oritur, quod ulgo Gerecum dicitur

892 4159 2400 210 a pompeis oppido uocatum. Ex Strabon, Plinio Ca

865 4280 1423 182 cilis Solino, Vibio, Volaterrano

673 4333 2129 250 54 Vgia Hispaniae opp. oguijar est. Ex Munstero

687 4418 2623 285 35 V Iia Aphrica opp. in Mauritania Caesariensi, a Barbn
