3681 5350
758 539 977 285 iics,n: Decintm Sp

1838 655 1365 201 an puostua uocctn, Apollorij ſapiem

749 771 982 147 tis patria. Ex Stephano

464 856 2730 164 31 Thracia procincia in Europa inter Æmum, Euxinum, Thra¬

754 958 2418 165 cium Bosporum, et Ægaeum occ M. p. longitudim, ccc

762 1047 2405 147 XXXVtν Iatitudine domicilium Maris ab Euripude appella¬

767 1145 2338 143 ta, quòd incolae monem contemnerent, Sexdecim nautiono

767 1230 2414 169 continens ut Ephorus ait, uel decem et Septem ut Apollo

758 1328 2405 187 dous, uel uiginti duas ut Eustathius, in strategins Inec

771 1440 2387 160 enim Graeco uerbo ui piget, quo et plinins usus est

794 1533 2315 165 quin quagnita divisa : Threicia etiamm dicta, perce

771 1640 2343 165 Bistonia, Crestone, Aria, et Sithosn : nunc Romania

780 1756 2383 156 posti quam Romanum Imperium illac transductum fuit

776 1850 2365 165 proprie autom Romania est regio maritimaThra

780 1961 2378 134 ciae populi Sinti dicuntur, ab Homero Sinties, inde Sas

767 2055 2391 160 dici, apud quos se clypeum abiecisse testatur Archilochrs x

771 2171 2374 183 tandem Sapae, Sapaei, et Sapij : Saces quoq. et Ti

776 2278 2387 160 renses a Tira Iapheti filio. Sed legitimi Thraces, qui

776 2380 2418 174 ſulicet aliunde non cuessetr in Thraciam, Zibythi

771 2496 2338 156 des uocabantur. Antiqui uero ſines Thraciae magis

776 2594 2253 152 dilatabant, ad Sarmatas uoqi et Getas, et Moeso

776 2701 2338 134 qui urunq. latus Danubij inrolunt, in Thracia costo

776 2795 2432 165 cubant. Ex Strabone, Iosepo, Plinio, Gellio, Stephano, Isa

785 2889 1129 169 acio, Varino, Cuspiniano

486 2951 2637 218 32 Thronax mons Argiuus in peloponneso, Coccyx postea dictu s

776 3058 2391 174 ab Ioue, qui in cuculum conuersus ibi ſunone m primo

843 3156 1713 178 pgnouit, ut Suibit Aristoteles. Ex rino

530 3218 2602 201 88 Thruij Cyi promontorium, Caput Grodae est. Ex Munstero

495 3330 2668 209 84 Thryos urbs Meſeniae ad Alpheum, Thryoeis etiam dicitur

785 3450 2369 147 ab Homero, et Thryoessa à copia Hyrcoeν, iuncorum Sci

771 3535 2396 192 licet, qui ibi nnscntr, postea Epitaduams Ex Strabonr

789 3669 888 125 Stephnno, Eustathio

584 3673 2646 241 35 Thule in oceano Insula inter Septentrimalem, et occidenta

789 3785 2383 205 lem plagam ulura Hyberniam, et orcadas, a Zieglero,

794 3878 2387 223 et Atamdro esse creditur Islandia ſub Danorum Inmperio

798 3963 2285 214 a polydoro Ila : a Munstero modo haectanedo Hla : ab Iouio

807 4065 2378 228 Schotlandia : ubi in Solsitio nullas ese noctes, brumae tem

803 4190 1709 192 pore nullus esse dics asserunt, Plinmio teste

575 4244 2677 241 86 Thuria, et Thurius Italiae fons prope Sybarim, Apias po

807 4395 2289 188 stea dictus fuit : a pausania, Ahneta, aue Anthesa

794 4520 932 170 Ex Sphano, Vaino
