3698 5310
969 504 2631 195 66 Oconda Hispania Ciuitas ab oro Aelantis filio Hispanonm

1262 628 1700 159 Rege condita, Orda dicitur. Ex Beutero

1005 721 2577 159 7 Oruntes Syriae fluuius prope Anlio chiam ab oronte Indo

1279 814 2294 146 eune primus ponte iunxie, uel ab oronte Cambysis filio

1275 902 2316 146 eo Sabmerso. Typhon priusa Sehone Gigaute in et f

1293 986 2298 146 giente, ut mortem euitaret et ophites etiam dictus, u

1284 1070 2316 151 est es Selphice, Saleph, uel Farfar. Ex Strabone, pus

1288 1159 2095 137 nia, Zonara, Eustathio, Sabellico, Corio, Iouio

1009 1243 2587 146 68 Oropitum, orbitumq. Æthruriae Ciuitas, Vrbicentum a p

1275 1336 1568 168 copuo dicta, oruietum est. Ex Iouio

1018 1420 2573 186 69 Orrhea Venicontum urbs in Bricannia, Neucastel Man

1248 1535 1369 142 castre appellatur. Ex Munstero

1023 1579 2564 186 77 Ortana Hispaniae urbs ab oro condita, Artana est. E ⟨

1027 1677 2560 159 71 Orthe urbs perhcebiae, Corsea etiam dicta, tanquam tta

1271 1756 2320 164 ot, ho est caput : arx enim fuit phalenaeorum, quit

1275 1849 2219 155 in perrhoebia ultra peneum. Ex Eustathio, Varino

1036 1947 2422 128 72 Ortopla Illyrici ciuitas, ortopula est. Ex Munſtero

1040 1995 2538 177 73Ortospeda in Hispania Tarraconensi mons, Orospeo

1253 2097 2329 159 a Strabone dictus :, a Mario Orpesa, nunc Senra

1271 2199 1324 124 gouiae. Ex Strabone, Castaldo.

1040 2234 2556 199 24 Osca Hispaniae Tarraconensis Ciuitas, Isca, Huesca, H⟩

1333 2331 1554 142 ar, et Guesca dicitur. Ex Munſtero

1049 2389 2529 204 75 oscella Italiae opp. in cotijs alpibus Lepontiprum Sia

1271 2486 2307 186 est, uel Dunidoscela, aut Eschantel. Ex ebberto, at

1279 2606 496 141 no, Ægidio

1067 2637 2537 203 7Osci Italiae poputi Campani ſunt. Ex Acrone porphynm

1076 2765 2520 159 77 Osismij apud Melan, et ptolemaeum, uel oſissini apudc

1266 2885 2321 110 Sarem, et Plinium, quomodo opud Strabonem, et Anr

1266 2951 2325 155 ninum legendum uidetur, Galliae Lugdlunensis popub

1266 3026 2321 182 quos pytheas Timios nominat, Laudri gerij dici

1266 3128 2325 168 tur in Ducatu Britanniae Ex is, Hermolad, Oliumi

1049 3221 2307 159 78Ossa Macedoniae fluuius, Olyra est. Ex Munsst

1067 3314 2520 155 77 Ossonaba, uel Ossonoba Baeticae ciuitas, Lusturia cepi

1244 3407 2343 172 minata, Siluera est, et Siluensis urbs. Ex Plino, Monu

1257 3509 576 132 neo, Munstero

1054 3548 2542 173 80Oſtracine Marmaricae ciuitas, ab Iudaeis dicitur Asidbi⟩

1244 3655 2228 150 ab alijs Larissa, nunc Stragioni. Ex Munstero

1031 3730 2565 172 81 Otholonia Britanniae urbs Fisa et Siſlandia es in

1235 3836 806 128 Scotia. Ex Iouio

1027 3916 2555 172 812 Othonia, uel Anthonia Æthruiae caitus ab othane a

1244 4040 2316 141 ab Itali nepotibus condita, poſtea Volaterra dicta

1244 4115 2325 181 ſuit, populi Volaterrani, nunc Volterra. Ex Plino

1240 4256 571 115 Volaterrano

1009 4301 2569 154 33OXxus Asiae fluuiius in maue Caspium defluens, Ca

1248 4407 2343 186 mas dicitur, uel Geichan. Ex Rhamnusio, Htinerao

1253 4509 425 128 ad Indos
