<?xml version="1.0" encoding="UTF-8"?>
<alto xmlns:xsi="http://www.w3.org/2001/XMLSchema-instance"
      xmlns="http://www.loc.gov/standards/alto/ns-v4#"
      xsi:schemaLocation="http://www.loc.gov/standards/alto/ns-v4# http://www.loc.gov/standards/alto/v4/alto-4-2.xsd">
  <Description>
    <MeasurementUnit>pixel</MeasurementUnit>
    <sourceImageInformation>
      <fileName>Cod_174_f072v.tif</fileName>
      
    </sourceImageInformation>
  </Description>
  
  <Tags>
    <OtherTag ID="BT98" LABEL="MainZone" DESCRIPTION="block type MainZone"/><OtherTag ID="BT99" LABEL="RunningTitleZone" DESCRIPTION="block type RunningTitleZone"/><OtherTag ID="BT100" LABEL="QuireMarksZone:catchwords" DESCRIPTION="block type QuireMarksZone:catchwords"/><OtherTag ID="BT101" LABEL="TitlePageZone" DESCRIPTION="block type TitlePageZone"/><OtherTag ID="BT110" LABEL="MarginTextZone:note" DESCRIPTION="block type MarginTextZone:note"/><OtherTag ID="BT111" LABEL="NumberingZone:page" DESCRIPTION="block type NumberingZone:page"/>
    <OtherTag ID="LT41" LABEL="headingLine" DESCRIPTION="line type headingLine"/><OtherTag ID="LT43" LABEL="InterlinearLine:correction" DESCRIPTION="line type InterlinearLine:correction"/><OtherTag ID="LT85" LABEL="DefaultLine" DESCRIPTION="line type DefaultLine"/>
  </Tags>
  
  <Layout>
    <Page WIDTH="3698"
          HEIGHT="5413"
          PHYSICAL_IMG_NR="21"
          ID="eSc_dummypage_">
      <PrintSpace HPOS="0"
                  VPOS="0"
                  WIDTH="3698"
                  HEIGHT="5413">
        
        <TextBlock HPOS="1247"
                   VPOS="596"
                   WIDTH="694"
                   HEIGHT="155"
                   ID="eSc_textblock_26618c5e"
                   TAGREFS="BT99">
          <Shape><Polygon POINTS="1247 596 1247 751 1941 751 1941 596"/></Shape>
          
          
          <TextLine ID="eSc_line_f430fb2a"
                    TAGREFS="LT41"
                    BASELINE="1273 708 1918 717" 
                    HPOS="1264"
                    VPOS="608"
                    WIDTH="654"
                    HEIGHT="122">
            <Shape><Polygon POINTS="1273 708 1273 608 1914 649 1918 717 1909 730 1264 721"/></Shape>
	    <String CONTENT="Liber octauus"
                    HPOS="1264"
                    VPOS="608"
                    WIDTH="654"
                    HEIGHT="122"></String>
          </TextLine>

          
        </TextBlock>
        
        <TextBlock HPOS="1029"
                   VPOS="703"
                   WIDTH="2632"
                   HEIGHT="3829"
                   ID="eSc_textblock_be8c9e4d"
                   TAGREFS="BT98">
          <Shape><Polygon POINTS="3607 1601 3571 1709 3354 1732 3607 1840 3589 3423 3661 3640 3601 3602 3589 4532 3450 4505 1029 4470 1047 4095 1223 4059 1246 3983 1246 3608 1029 3550 1047 3031 1223 3013 1264 2900 1264 2742 1083 2683 1101 2580 1264 2521 1264 2038 1083 1998 1065 1835 1101 1714 1246 1691 1264 1497 1241 1420 1047 1384 1047 1317 1246 1276 1228 866 1119 843 1101 739 1235 751 1377 744 1909 744 2052 739 3372 703 3589 775"/></Shape>
          
          
          <TextLine ID="eSc_line_2eb97789"
                    TAGREFS="LT85"
                    BASELINE="1110 816 3151 793 3558 839" 
                    HPOS="1101"
                    VPOS="694"
                    WIDTH="2457"
                    HEIGHT="145">
            <Shape><Polygon POINTS="1110 816 1101 708 1503 735 1530 712 1530 708 1530 708 1530 708 1535 708 1535 708 1535 708 1539 708 1539 708 1544 708 1544 708 1544 708 1548 708 1548 708 1548 708 1553 708 1593 730 1697 708 1715 708 1715 708 1715 708 1720 708 1720 708 1751 712 1891 730 1955 712 1982 703 1986 703 1986 703 1986 703 1991 703 2149 712 2397 730 2433 717 2460 703 2460 703 2465 703 2465 703 2465 703 2469 703 2749 717 2921 726 2948 721 3020 699 3025 699 3025 699 3025 699 3029 699 3029 699 3174 721 3214 726 3232 721 3300 694 3300 694 3305 694 3305 694 3309 694 3309 694 3309 694 3314 694 3314 694 3314 694 3318 694 3318 694 3318 699 3345 721 3345 726 3553 726 3558 839 3553 834 1106 825"/></Shape>
	    <String CONTENT="Halieis, uel Haliea peloponnesi urbs, dicta a piscatoribus Herm⟨⟩"
                    HPOS="1101"
                    VPOS="694"
                    WIDTH="2457"
                    HEIGHT="145"></String>
          </TextLine>

          
          
          <TextLine ID="eSc_line_f68d311c"
                    TAGREFS="LT85"
                    BASELINE="1259 888 3558 915" 
                    HPOS="1250"
                    VPOS="802"
                    WIDTH="2308"
                    HEIGHT="145">
            <Shape><Polygon POINTS="1259 888 1255 825 1508 802 1512 802 1512 802 1512 802 1517 802 1517 802 1517 802 1521 802 1521 802 1521 807 1544 825 1544 829 2171 834 2185 834 2347 811 2347 811 2352 811 2352 811 2352 811 2356 811 2356 811 2411 834 2659 816 2664 816 2664 816 2943 843 2952 843 2962 843 3142 820 3142 820 3147 820 3147 820 3147 820 3291 848 3300 848 3305 848 3494 825 3494 825 3499 825 3499 825 3503 825 3503 825 3503 825 3558 852 3558 915 3548 947 1250 902"/></Shape>
	    <String CONTENT="nensibus, qui uicatim regionem eam incolebant : postea"
                    HPOS="1250"
                    VPOS="802"
                    WIDTH="2308"
                    HEIGHT="145"></String>
          </TextLine>

          
          
          <TextLine ID="eSc_line_26ce9e09"
                    TAGREFS="LT85"
                    BASELINE="1264 983 3530 996" 
                    HPOS="1246"
                    VPOS="897"
                    WIDTH="2284"
                    HEIGHT="145">
            <Shape><Polygon POINTS="1264 983 1264 897 1390 924 1620 924 1648 902 1648 897 1648 897 1652 897 1652 897 1652 897 1657 897 1657 897 1657 897 1661 897 1661 897 1666 897 1679 902 1756 920 1819 902 1837 897 1842 897 1842 897 1846 897 1846 897 1918 902 2131 924 2189 906 2203 902 2207 902 2207 902 2207 902 2212 902 2212 902 2216 902 2239 906 2307 924 2402 911 2451 902 2451 902 2456 902 2456 902 2456 902 2460 902 2460 902 2460 902 2478 911 2501 924 2515 911 2524 902 2524 902 2528 902 2528 902 2528 902 2533 902 2533 902 2533 902 2537 902 2537 902 2627 911 2772 929 2867 915 2921 906 2921 906 2925 906 2925 906 2925 906 2930 906 2930 906 2930 906 2948 915 2975 929 3061 915 3142 906 3142 906 3147 906 3526 924 3530 996 3526 1014 3210 1014 3165 1042 3160 1042 3160 1042 3160 1042 3156 1042 3156 1042 3151 1042 3151 1042 3147 1042 3147 1042 3083 1019 3038 1042 3038 1042 3038 1042 3034 1042 3034 1042 3034 1042 3029 1042 3029 1042 3025 1042 3025 1042 3025 1042 2966 1014 2822 1042 2822 1042 2822 1042 2817 1042 2817 1042 2817 1042 2813 1042 2813 1042 2808 1042 2763 1014 2153 1037 2149 1037 2149 1037 2149 1037 1986 1005 1932 1032 1932 1032 1932 1032 1928 1032 1928 1032 1928 1032 1923 1032 1526 1005 1499 1028 1499 1032 1499 1032 1494 1032 1494 1032 1494 1032 1490 1032 1490 1032 1490 1037 1318 1037 1313 1032 1313 1032 1309 1032 1309 1032 1309 1032 1304 1032 1246 996"/></Shape>
	    <String CONTENT="Tiryns a ⟦Ty⟧ Tirynthe Alcaei (Sic et apud Stephanum Legen"
                    HPOS="1246"
                    VPOS="897"
                    WIDTH="2284"
                    HEIGHT="145"></String>
          </TextLine>

          
          
          <TextLine ID="eSc_line_8758b636"
                    TAGREFS="LT85"
                    BASELINE="1255 1091 3535 1100" 
                    HPOS="1250"
                    VPOS="996"
                    WIDTH="2285"
                    HEIGHT="145">
            <Shape><Polygon POINTS="1255 1091 1255 1005 1706 1019 1733 1001 1738 996 1738 996 1742 996 1742 996 1747 996 1747 996 1747 996 1751 996 1751 996 1756 996 1756 996 1756 996 1769 1001 1806 1019 1878 1001 1909 996 1909 996 1909 996 1914 996 1914 996 1959 1001 2072 1019 2122 1001 2135 996 2135 996 2140 996 2140 996 2144 996 2144 996 2144 996 2149 996 2167 1001 2221 1019 2280 1001 2298 996 2302 996 2302 996 2302 996 2307 996 2307 996 2356 1001 2528 1023 2618 1001 2623 1001 2627 1001 2627 1001 2632 1001 2632 1001 2645 1001 2871 1023 2907 1001 2912 1001 2912 1001 2912 1001 2916 1001 2916 1001 2916 1001 2921 1001 2934 1001 3228 1023 3250 1005 3250 1001 3250 1001 3255 1001 3255 1001 3255 1001 3260 1001 3260 1001 3260 1001 3264 1001 3530 1001 3535 1100 3521 1141 3422 1114 3314 1114 3287 1136 3287 1141 3287 1141 3287 1141 3282 1141 3282 1141 3282 1141 3278 1141 3278 1141 3278 1141 3273 1141 3273 1141 3269 1141 3269 1141 3260 1136 3196 1114 3120 1136 3101 1141 3097 1141 3097 1141 3097 1141 3092 1141 3092 1141 3088 1141 3088 1141 3088 1141 3083 1141 3083 1141 3083 1136 3079 1136 3056 1114 2966 1114 2858 1132 2799 1141 2799 1141 2794 1141 2794 1141 2794 1141 2727 1132 2641 1114 2609 1127 2578 1141 2578 1141 2573 1141 2573 1141 2573 1141 2569 1141 2569 1141 2564 1141 2564 1141 2564 1141 2560 1141 2560 1141 2560 1136 2546 1127 2533 1114 2149 1123 1404 1136 1399 1136 1399 1136 1250 1105"/></Shape>
	    <String CONTENT="dum) filia, Amphitryonis sorore : Haec fuit arx proeti, quam"
                    HPOS="1250"
                    VPOS="996"
                    WIDTH="2285"
                    HEIGHT="145"></String>
          </TextLine>

          
          
          <TextLine ID="eSc_line_e7aa5890"
                    TAGREFS="LT85"
                    BASELINE="1259 1186 3512 1204" 
                    HPOS="1250"
                    VPOS="1114"
                    WIDTH="2262"
                    HEIGHT="126">
            <Shape><Polygon POINTS="1259 1186 1259 1114 3508 1118 3512 1204 3508 1217 3296 1240 3296 1240 3291 1240 3291 1240 3287 1240 3287 1240 3287 1240 3246 1217 3237 1213 1250 1208"/></Shape>
	    <String CONTENT="Cyclopes ex lycia uenientes moenibus cinxerunt. Ex Steph"
                    HPOS="1250"
                    VPOS="1114"
                    WIDTH="2262"
                    HEIGHT="126"></String>
          </TextLine>

          
          
          <TextLine ID="eSc_line_14aac010"
                    TAGREFS="LT85"
                    BASELINE="1264 1285 1837 1281" 
                    HPOS="1255"
                    VPOS="1199"
                    WIDTH="582"
                    HEIGHT="122">
            <Shape><Polygon POINTS="1264 1285 1255 1226 1444 1199 1444 1199 1449 1199 1828 1222 1837 1281 1833 1294 1593 1321 1593 1321 1589 1321 1259 1299"/></Shape>
	    <String CONTENT="no, Eustathio"
                    HPOS="1255"
                    VPOS="1199"
                    WIDTH="582"
                    HEIGHT="122"></String>
          </TextLine>

          
          
          <TextLine ID="eSc_line_8b65ed2b"
                    TAGREFS="LT85"
                    BASELINE="1047 1371 3576 1362" 
                    HPOS="1029"
                    VPOS="1258"
                    WIDTH="2547"
                    HEIGHT="149">
            <Shape><Polygon POINTS="1047 1371 1029 1303 1133 1267 1137 1267 1137 1267 1137 1267 1142 1267 1142 1267 1142 1267 1146 1267 1237 1299 1237 1299 1237 1299 1273 1267 1273 1267 1277 1267 1277 1267 1277 1267 1282 1267 1282 1267 1286 1267 1286 1267 1286 1267 1291 1267 1291 1267 1291 1267 1295 1267 1336 1299 1341 1299 1368 1294 1503 1276 1503 1276 1508 1276 1508 1276 1508 1276 1584 1294 1616 1299 1625 1290 1643 1276 1643 1272 1643 1272 1648 1272 1648 1272 1648 1272 1652 1272 1652 1272 1652 1272 1657 1272 1657 1272 1661 1272 1661 1272 1661 1272 1666 1272 1693 1290 1706 1299 1788 1290 1891 1276 1891 1276 1896 1276 1896 1276 1900 1276 1941 1285 1991 1299 2004 1285 2022 1272 2022 1267 2022 1267 2027 1267 2027 1267 2027 1267 2031 1267 2031 1267 2036 1267 2189 1267 2189 1267 2189 1267 2194 1267 2194 1267 2194 1267 2226 1281 2262 1299 2587 1299 2632 1272 2654 1263 2654 1263 2654 1263 2659 1263 2659 1263 2664 1263 2790 1263 2790 1263 2790 1263 2794 1263 2794 1263 2794 1263 2799 1263 2808 1272 2840 1290 2858 1276 2858 1272 2858 1272 2862 1272 2862 1272 2862 1272 2867 1272 2867 1272 2867 1272 2867 1272 2871 1272 2871 1272 2871 1272 3020 1294 3047 1272 3047 1267 3047 1267 3052 1267 3052 1267 3052 1267 3052 1267 3056 1267 3056 1267 3056 1267 3061 1267 3061 1267 3065 1267 3065 1267 3165 1294 3196 1267 3196 1263 3196 1263 3196 1263 3201 1263 3201 1263 3201 1263 3205 1263 3205 1263 3210 1263 3210 1263 3228 1263 3467 1294 3558 1258 3576 1362 3571 1407 3399 1407 3395 1402 3395 1402 3390 1402 3390 1402 3390 1402 3390 1402 3386 1402 3386 1402 3386 1398 3363 1380 2912 1398 2817 1402 2813 1402 2813 1402 2781 1398 2668 1380 2632 1398 2623 1402 2623 1402 2623 1402 2618 1402 2618 1402 2618 1402 2614 1402 2614 1402 2609 1402 2609 1402 2609 1402 2605 1402 2605 1402 2605 1398 2600 1398 2582 1380 2343 1380 2244 1393 2167 1407 2167 1407 2162 1407 2162 1407 2162 1407 2158 1407 2158 1407 2158 1407 2153 1407 2135 1393 2126 1389 2117 1393 2108 1402 2108 1407 2108 1407 2104 1407 2104 1407 2104 1407 2099 1407 2099 1407 2099 1407 2095 1407 2095 1407 2090 1407 2045 1393 2009 1384 1977 1393 1937 1407 1932 1407 1932 1407 1932 1407 1928 1407 1928 1407 1928 1407 1923 1407 1923 1407 1891 1393 1873 1384 1851 1393 1819 1407 1819 1407 1815 1407 1815 1407 1815 1407 1810 1407 1043 1384"/></Shape>
	    <String CONTENT="2 Halone Insula prope Cyzicum dicta quod eius incolae quaeſtus"
                    HPOS="1029"
                    VPOS="1258"
                    WIDTH="2547"
                    HEIGHT="149"></String>
          </TextLine>

          
          
          <TextLine ID="eSc_line_7d775804"
                    TAGREFS="LT85"
                    BASELINE="1268 1475 3476 1456" 
                    HPOS="1259"
                    VPOS="1362"
                    WIDTH="2217"
                    HEIGHT="131">
            <Shape><Polygon POINTS="1268 1475 1259 1411 1408 1407 1435 1380 1435 1375 1435 1375 1440 1375 1440 1375 1440 1375 1444 1375 1444 1375 1449 1375 1449 1375 1711 1402 1806 1371 1810 1371 1810 1371 1810 1371 1815 1371 1815 1371 1815 1371 1819 1371 1819 1371 1878 1398 1918 1371 1923 1371 1923 1371 1923 1371 1928 1371 1928 1371 1928 1371 1932 1371 2302 1398 2352 1366 2356 1366 2356 1366 2361 1366 2361 1366 2361 1366 2365 1366 2912 1393 3246 1393 3314 1362 3314 1362 3318 1362 3318 1362 3323 1362 3323 1362 3323 1362 3467 1393 3476 1456 3472 1470 1268 1493"/></Shape>
	    <String CONTENT="ex ἁλων ſale facerent :. Geuris etiam, et prochone appella"
                    HPOS="1259"
                    VPOS="1362"
                    WIDTH="2217"
                    HEIGHT="131"></String>
          </TextLine>

          
          
          <TextLine ID="eSc_line_ffef9733"
                    TAGREFS="LT85"
                    BASELINE="1273 1583 2487 1560 3571 1569" 
                    HPOS="1264"
                    VPOS="1466"
                    WIDTH="2307"
                    HEIGHT="148">
            <Shape><Polygon POINTS="1273 1583 1264 1511 1404 1479 1404 1479 1404 1479 1408 1479 1408 1479 1413 1479 1413 1479 1413 1479 1462 1506 1521 1506 1639 1506 1639 1502 1661 1484 1661 1479 1661 1479 1666 1479 1666 1479 1666 1479 1670 1479 1670 1479 1675 1479 1675 1479 1869 1497 1928 1502 1946 1497 2004 1475 2004 1475 2009 1475 2009 1475 2009 1475 2013 1475 2013 1475 2126 1493 2167 1497 2293 1488 2505 1475 2510 1475 2510 1475 2510 1475 2515 1475 2515 1475 2519 1475 2519 1475 2528 1484 2551 1497 2713 1497 2727 1479 2736 1475 2736 1470 2736 1470 2740 1470 2740 1470 2740 1470 2745 1470 2745 1470 2749 1470 2749 1470 2840 1479 2975 1493 3219 1470 3255 1470 3255 1470 3260 1470 3260 1470 3264 1470 3264 1470 3264 1470 3269 1470 3269 1470 3269 1470 3296 1493 3363 1470 3372 1466 3372 1466 3377 1466 3377 1466 3381 1466 3381 1466 3381 1466 3404 1470 3503 1488 3558 1466 3571 1569 3562 1601 2388 1578 1955 1578 1923 1601 1909 1614 1909 1614 1905 1614 1905 1614 1905 1614 1900 1614 1900 1614 1896 1614 1896 1614 1896 1614 1891 1614 1851 1601 1815 1592 1792 1601 1769 1614 1769 1614 1769 1614 1765 1614 1765 1614 1760 1614 1268 1601"/></Shape>
	    <String CONTENT="ta fuit. Alij hanc dicunt esse non Insulam, sed urbum paph"
                    HPOS="1264"
                    VPOS="1466"
                    WIDTH="2307"
                    HEIGHT="148"></String>
          </TextLine>

          
          
          <TextLine ID="eSc_line_1278fbe2"
                    TAGREFS="LT85"
                    BASELINE="1273 1687 2212 1659" 
                    HPOS="1268"
                    VPOS="1574"
                    WIDTH="944"
                    HEIGHT="162">
            <Shape><Polygon POINTS="1273 1687 1273 1596 1341 1619 1490 1596 1526 1592 1526 1592 1530 1592 1530 1592 1530 1592 1535 1592 1535 1592 1539 1592 1544 1596 1575 1614 1697 1596 1769 1587 1769 1587 1774 1587 1774 1587 1779 1587 1779 1587 1806 1596 1833 1605 1864 1596 1955 1574 1959 1574 1959 1574 1964 1574 1964 1574 2203 1601 2212 1659 2212 1673 2063 1678 2004 1718 2000 1718 2000 1718 2000 1718 1995 1718 1995 1718 1991 1718 1991 1718 1991 1718 1986 1718 1986 1718 1918 1687 1873 1714 1869 1714 1869 1714 1864 1714 1864 1714 1864 1714 1860 1714 1860 1714 1860 1714 1855 1714 1783 1691 1747 1723 1747 1727 1747 1727 1742 1727 1742 1727 1738 1727 1738 1727 1738 1727 1733 1727 1733 1727 1733 1727 1729 1727 1729 1727 1729 1727 1670 1696 1476 1700 1435 1736 1435 1736 1431 1736 1431 1736 1431 1736 1426 1736 1426 1736 1422 1736 1422 1736 1422 1736 1268 1700"/></Shape>
	    <String CONTENT="lagoniae. Ex Stephano"
                    HPOS="1268"
                    VPOS="1574"
                    WIDTH="944"
                    HEIGHT="162"></String>
          </TextLine>

          
          
          <TextLine ID="eSc_line_10203f0a"
                    TAGREFS="LT85"
                    BASELINE="1092 1795 3241 1795" 
                    HPOS="1083"
                    VPOS="1691"
                    WIDTH="2158"
                    HEIGHT="149">
            <Shape><Polygon POINTS="1092 1795 1083 1727 1182 1691 1182 1691 1187 1691 1187 1691 1192 1691 1192 1691 1192 1691 1359 1723 1584 1700 1584 1700 1589 1700 1869 1723 1941 1691 1941 1691 1946 1691 1946 1691 1946 1691 1950 1691 1950 1691 1955 1691 1955 1691 1955 1691 2018 1723 2099 1691 2099 1691 2104 1691 2104 1691 2108 1691 2108 1691 2108 1691 2113 1691 2113 1691 2189 1723 2307 1691 2311 1691 2311 1691 2316 1691 2316 1691 2316 1691 2320 1691 2420 1723 2587 1691 2587 1691 2591 1691 2826 1691 2826 1691 2826 1691 2831 1691 2831 1691 2831 1691 2835 1691 2835 1691 2835 1696 2858 1714 3025 1691 3025 1691 3029 1691 3029 1691 3241 1727 3241 1795 3241 1808 2600 1840 2596 1840 2596 1840 2591 1840 2591 1840 2591 1840 2546 1817 2533 1813 2510 1817 2442 1840 2438 1840 2438 1840 2438 1840 2433 1840 2433 1840 2429 1840 2429 1840 2429 1840 2393 1822 2370 1813 2189 1813 2171 1822 2158 1835 2158 1835 2153 1835 2153 1835 2149 1835 2149 1835 2149 1835 2144 1835 2144 1835 2140 1835 2095 1826 2049 1813 2031 1826 2018 1835 2013 1835 2013 1835 2013 1835 2009 1835 2009 1835 2004 1835 2004 1835 1928 1826 1819 1813 1670 1831 1575 1840 1575 1840 1571 1840 1571 1840 1566 1840 1566 1840 1566 1840 1562 1840 1562 1840 1562 1835 1553 1831 1535 1813 1453 1831 1431 1835 1431 1835 1431 1835 1426 1835 1386 1835 1173 1813 1097 1835"/></Shape>
	    <String CONTENT="3 Hames Syriae urbs, Camella est. Ex Haithono."
                    HPOS="1083"
                    VPOS="1691"
                    WIDTH="2158"
                    HEIGHT="149"></String>
          </TextLine>

          
          
          <TextLine ID="eSc_line_d84e323c"
                    TAGREFS="LT85"
                    BASELINE="1101 1881 3580 1908" 
                    HPOS="1079"
                    VPOS="1790"
                    WIDTH="2501"
                    HEIGHT="167">
            <Shape><Polygon POINTS="1101 1881 1097 1817 1259 1790 1259 1790 1264 1790 1264 1790 1264 1790 1268 1790 1268 1790 1268 1790 1273 1790 1273 1790 1273 1795 1295 1813 1431 1795 1431 1795 1435 1795 1435 1795 1593 1813 1661 1822 1697 1813 1769 1795 1774 1795 1774 1795 1779 1795 1779 1795 1779 1795 1878 1813 1950 1826 2040 1813 2113 1804 2113 1804 2117 1804 2117 1804 2226 1813 2402 1831 2420 1813 2429 1808 2429 1804 2429 1804 2433 1804 2433 1804 2433 1804 2438 1804 2438 1804 2442 1804 2564 1804 2564 1804 2564 1804 2569 1804 2569 1804 2569 1804 2573 1804 2573 1804 2573 1808 2582 1813 2600 1831 2803 1813 2862 1808 2867 1808 2867 1808 2867 1808 2871 1808 2871 1808 2871 1808 2876 1808 2876 1808 2876 1813 2907 1840 3106 1840 3151 1813 3156 1808 3160 1808 3160 1808 3165 1808 3165 1808 3165 1808 3169 1808 3169 1808 3174 1808 3174 1808 3183 1813 3260 1844 3436 1844 3463 1817 3463 1813 3463 1813 3467 1813 3467 1813 3467 1813 3472 1813 3472 1813 3472 1813 3476 1813 3576 1813 3580 1908 3571 1957 3165 1926 2948 1944 2858 1953 2858 1953 2853 1953 2853 1953 2849 1953 2813 1944 2740 1921 2718 1939 2709 1948 2709 1948 2704 1948 2704 1948 2704 1948 2700 1948 2700 1948 2700 1953 2343 1953 2338 1948 2338 1948 2226 1930 2149 1912 1675 1912 1666 1917 1648 1935 1648 1935 1643 1935 1643 1935 1643 1935 1639 1935 1639 1935 1639 1935 1634 1935 1634 1935 1634 1935 1539 1912 1512 1908 1490 1912 1413 1935 1408 1935 1408 1935 1404 1935 1404 1935 1404 1935 1399 1935 1399 1935 1399 1935 1350 1908 1341 1908 1178 1908 1178 1908 1128 1935 1124 1935 1124 1935 1119 1935 1119 1935 1119 1935 1115 1935 1115 1935 1110 1935 1110 1935 1110 1935 1106 1935 1106 1935 1106 1930 1101 1930 1079 1903"/></Shape>
	    <String CONTENT="4 Harelungi Germaniae populi, hodie Bisgrami dicinutur Ex ⟨⟩"
                    HPOS="1079"
                    VPOS="1790"
                    WIDTH="2501"
                    HEIGHT="167"></String>
          </TextLine>

          
          
          <TextLine ID="eSc_line_fc44b95a"
                    TAGREFS="LT85"
                    BASELINE="1097 1993 1747 1989 2713 2025 3571 2016" 
                    HPOS="1083"
                    VPOS="1885"
                    WIDTH="2488"
                    HEIGHT="167">
            <Shape><Polygon POINTS="1097 1993 1083 1926 1219 1885 1223 1885 1223 1885 1228 1885 1228 1885 1503 1921 1535 1894 1535 1890 1535 1890 1539 1890 1539 1890 1539 1890 1544 1890 1544 1890 1548 1890 1620 1890 1620 1890 1620 1890 1625 1890 1625 1890 1724 1926 1738 1930 1742 1926 1774 1899 1774 1894 1774 1894 1779 1894 1779 1894 1783 1894 1783 1894 1783 1894 1788 1894 1788 1894 1982 1926 2045 1939 2257 1939 2275 1926 2307 1903 2311 1903 2311 1903 2311 1903 2316 1903 2316 1903 2320 1903 2320 1903 2320 1903 2325 1903 2325 1903 2375 1926 2406 1944 2501 1944 2515 1926 2533 1912 2533 1908 2533 1908 2537 1908 2537 1908 2537 1908 2542 1908 2542 1908 2546 1908 2546 1908 2546 1908 2551 1908 2551 1908 2555 1908 2555 1908 2578 1926 2600 1944 2713 1944 2727 1926 2745 1912 2745 1908 2745 1908 2749 1908 2749 1908 2749 1908 2754 1908 2754 1908 2754 1908 2758 1908 2758 1908 2763 1908 2763 1908 2763 1908 2767 1908 2767 1908 2790 1926 2808 1944 2831 1926 2840 1921 2844 1921 2844 1921 2849 1921 2849 1921 2849 1921 2853 1921 2853 1921 2853 1921 2858 1921 2858 1921 2858 1921 2862 1921 2862 1921 2867 1926 2889 1948 3056 1948 3074 1926 3092 1912 3092 1908 3092 1908 3097 1908 3097 1908 3097 1908 3101 1908 3101 1908 3101 1908 3106 1908 3106 1908 3111 1908 3183 1926 3255 1953 3368 1953 3390 1930 3404 1917 3404 1912 3404 1912 3409 1912 3409 1912 3409 1912 3413 1912 3413 1912 3413 1912 3418 1912 3418 1912 3422 1912 3422 1912 3422 1912 3427 1912 3427 1912 3445 1930 3472 1948 3558 1930 3571 2016 3567 2052 2406 2052 2402 2047 2113 2025 2009 2016 1950 2020 1783 2038 1783 2038 1779 2038 1779 2038 1774 2038 1774 2038 1774 2038 1769 2038 1769 2038 1769 2034 1751 2016 1747 2011 1088 2002"/></Shape>
	    <String CONTENT="5 Hebron urbs Iudaeae in tribu Iudae, chebron dicta, Mere,"
                    HPOS="1083"
                    VPOS="1885"
                    WIDTH="2488"
                    HEIGHT="167"></String>
          </TextLine>

          
          
          <TextLine ID="eSc_line_0f7ba8ee"
                    TAGREFS="LT85"
                    BASELINE="1273 2074 3576 2138" 
                    HPOS="1268"
                    VPOS="1980"
                    WIDTH="2308"
                    HEIGHT="189">
            <Shape><Polygon POINTS="1273 2074 1268 2007 1377 1980 1377 1980 1377 1980 1381 1980 1381 1980 1386 1980 1386 1980 1386 1980 1390 1980 1390 1980 1390 1984 1417 2007 1417 2007 1417 2007 1521 1984 1521 1984 1521 1984 1526 1984 1526 1984 1530 1984 1530 1984 1530 1984 1535 1984 1535 1984 1535 1989 1557 2007 1706 1993 1706 1993 1711 1993 1711 1993 1833 2011 1882 2020 1896 2011 1918 1993 1918 1993 1923 1993 1923 1993 1923 1993 1928 1993 1928 1993 1932 1993 1932 1993 1932 1993 2054 2016 2131 2034 2325 2034 2356 2020 2384 2007 2384 2007 2384 2007 2388 2007 2388 2007 2393 2007 2393 2007 2393 2007 2397 2007 2397 2007 2402 2007 2402 2007 2402 2011 2415 2020 2438 2043 2880 2047 2907 2029 2907 2025 2907 2025 2912 2025 2912 2025 2912 2025 2916 2025 2916 2025 2916 2025 2921 2025 2921 2025 2921 2025 2925 2025 2925 2025 2934 2029 2989 2052 3192 2029 3223 2029 3223 2029 3228 2029 3228 2029 3232 2029 3232 2029 3232 2029 3237 2034 3291 2061 3372 2034 3372 2034 3377 2034 3377 2034 3377 2034 3381 2034 3576 2038 3576 2138 3567 2169 1268 2088"/></Shape>
	    <String CONTENT="uel Mamre à Mose, a nobis corrupte Mambre : Arboth"
                    HPOS="1268"
                    VPOS="1980"
                    WIDTH="2308"
                    HEIGHT="189"></String>
          </TextLine>

          
          
          <TextLine ID="eSc_line_499d3210"
                    TAGREFS="LT85"
                    BASELINE="1282 2169 3571 2228" 
                    HPOS="1273"
                    VPOS="2079"
                    WIDTH="2298"
                    HEIGHT="185">
            <Shape><Polygon POINTS="1282 2169 1277 2102 1386 2079 1386 2079 1386 2079 1390 2079 1390 2079 1539 2106 1553 2106 1557 2106 1620 2084 1620 2084 1625 2084 1625 2084 1630 2084 1630 2084 1806 2111 1837 2115 1855 2111 1932 2093 1937 2093 1937 2093 1941 2093 1941 2093 1941 2093 1946 2093 1946 2093 1946 2093 1950 2093 1982 2115 1986 2115 2013 2115 2329 2102 2334 2102 2334 2102 2334 2102 2338 2102 2338 2102 2338 2102 2343 2102 2370 2124 2379 2129 2406 2124 2505 2106 2505 2106 2510 2106 2510 2106 2510 2106 2515 2106 2515 2106 2519 2106 2551 2129 2569 2138 2948 2142 2966 2138 3002 2120 3002 2120 3007 2120 3007 2120 3007 2120 3011 2120 3011 2120 3011 2120 3016 2120 3016 2120 3020 2120 3020 2120 3020 2120 3038 2138 3052 2147 3092 2138 3169 2124 3169 2124 3169 2124 3174 2124 3174 2124 3178 2124 3250 2142 3291 2151 3562 2151 3571 2228 3567 2241 3422 2264 3422 2264 3418 2264 3418 2264 3418 2264 3413 2264 3413 2264 3413 2264 3409 2264 3409 2264 3409 2259 3386 2241 3381 2237 3300 2237 2871 2250 2867 2250 2700 2246 2700 2246 2700 2246 2695 2246 2695 2246 2695 2246 2691 2246 2691 2246 2691 2241 2673 2223 2664 2219 2636 2223 2528 2241 2528 2241 2524 2241 2524 2241 2338 2219 2271 2205 1273 2192"/></Shape>
	    <String CONTENT="etiam, Arbea, et Kiriath Arba ab Arba uiro magno"
                    HPOS="1273"
                    VPOS="2079"
                    WIDTH="2298"
                    HEIGHT="185"></String>
          </TextLine>

          
          
          <TextLine ID="eSc_line_130c45f9"
                    TAGREFS="LT85"
                    BASELINE="1295 2264 2636 2309 3567 2309" 
                    HPOS="1286"
                    VPOS="2178"
                    WIDTH="2285"
                    HEIGHT="185">
            <Shape><Polygon POINTS="1295 2264 1286 2205 1377 2178 1381 2178 1381 2178 1386 2178 1386 2178 1386 2178 1390 2178 1390 2178 1390 2178 1395 2178 1395 2178 1422 2205 1684 2205 1724 2183 1729 2183 1729 2183 1733 2183 1733 2183 1733 2183 1738 2183 1738 2183 1738 2183 1742 2183 1828 2214 1837 2214 1842 2214 1941 2187 1946 2187 1946 2187 1950 2187 1950 2187 1950 2187 1955 2187 1955 2187 1955 2187 2013 2214 2022 2219 2040 2219 2171 2192 2171 2192 2171 2192 2176 2192 2176 2192 2180 2192 2180 2192 2180 2192 2244 2219 2253 2223 2298 2223 2460 2210 2460 2210 2465 2210 2790 2232 2984 2241 3011 2232 3074 2214 3079 2214 3079 2214 3079 2214 3083 2214 3083 2214 3088 2214 3160 2237 3183 2241 3201 2237 3264 2219 3269 2219 3269 2219 3269 2219 3273 2219 3273 2219 3278 2219 3359 2241 3404 2250 3558 2246 3567 2309 3571 2336 3539 2363 3539 2363 3535 2363 3535 2363 3535 2363 3530 2363 3530 2363 3530 2363 3526 2363 3526 2363 3327 2327 3309 2327 3187 2327 3165 2327 3133 2354 3133 2354 3129 2354 3129 2354 3129 2354 3124 2354 3124 2354 3124 2354 3120 2354 3120 2354 2943 2323 2641 2345 2641 2345 2636 2345 2122 2305 1846 2327 1846 2327 1842 2327 1842 2327 1837 2327 1837 2327 1747 2296 1616 2323 1616 2323 1616 2323 1611 2323 1611 2323 1611 2323 1607 2323 1607 2323 1602 2323 1602 2323 1602 2323 1575 2296 1517 2318 1517 2318 1512 2318 1512 2318 1508 2318 1508 2318 1508 2318 1503 2318 1503 2318 1503 2318 1499 2318 1499 2318 1499 2314 1471 2286 1286 2277"/></Shape>
	    <String CONTENT="inter populos Anakim : a Septuaginta aliquando appel⟨la⟩"
                    HPOS="1286"
                    VPOS="2178"
                    WIDTH="2285"
                    HEIGHT="185"></String>
          </TextLine>

          
          
          <TextLine ID="eSc_line_aaa3330d"
                    TAGREFS="LT85"
                    BASELINE="1282 2363 2718 2413 3585 2404" 
                    HPOS="1268"
                    VPOS="2273"
                    WIDTH="2317"
                    HEIGHT="176">
            <Shape><Polygon POINTS="1282 2363 1268 2296 1300 2273 1304 2273 1304 2273 1304 2273 1309 2273 1309 2273 1309 2273 1313 2273 1313 2273 1313 2273 1422 2300 1444 2305 1453 2300 1471 2282 1471 2277 1471 2277 1476 2277 1476 2277 1476 2277 1481 2277 1481 2277 1485 2277 1485 2277 1485 2277 1490 2277 1490 2277 1490 2277 1530 2300 1535 2300 1535 2300 1598 2277 1598 2277 1602 2277 1602 2277 1607 2277 1607 2277 1607 2277 1611 2277 1611 2277 1616 2277 1616 2277 1616 2282 1620 2282 1634 2300 1639 2309 1878 2314 1923 2305 1986 2286 1991 2286 1991 2286 1995 2286 1995 2286 1995 2286 2000 2286 2000 2286 2004 2286 2004 2286 2004 2291 2022 2305 2036 2318 2067 2305 2108 2291 2108 2291 2113 2291 2113 2291 2117 2291 2117 2291 2117 2291 2122 2291 2176 2305 2239 2323 2740 2314 2781 2314 2785 2314 2785 2314 2790 2314 2790 2314 2790 2314 2790 2314 2794 2314 2794 2314 2794 2318 2817 2336 2907 2314 2934 2309 2934 2309 2934 2309 2939 2309 2939 2309 2943 2309 2943 2309 2943 2309 2957 2314 3011 2341 3142 2318 3169 2314 3169 2314 3169 2314 3174 2314 3174 2314 3178 2314 3178 2314 3178 2314 3187 2318 3241 2345 3269 2318 3269 2318 3269 2318 3273 2318 3273 2318 3273 2318 3273 2318 3278 2318 3278 2318 3282 2318 3445 2318 3467 2323 3467 2323 3467 2323 3472 2323 3472 2323 3472 2323 3476 2323 3476 2323 3476 2327 3499 2345 3571 2323 3585 2404 3576 2449 1896 2422 1896 2422 1720 2395 1697 2395 1693 2395 1634 2417 1634 2417 1630 2417 1630 2417 1625 2417 1625 2417 1273 2381"/></Shape>
	    <String CONTENT="tur Vrbs campi : ubi quatuor patriarchae Sepulti fuere"
                    HPOS="1268"
                    VPOS="2273"
                    WIDTH="2317"
                    HEIGHT="176"></String>
          </TextLine>

          
          
          <TextLine ID="eSc_line_c9173973"
                    TAGREFS="LT85"
                    BASELINE="1268 2485 3539 2535" 
                    HPOS="1264"
                    VPOS="2386"
                    WIDTH="2275"
                    HEIGHT="189">
            <Shape><Polygon POINTS="1268 2485 1264 2422 1408 2386 1408 2386 1408 2386 1413 2386 1413 2386 1417 2386 1553 2422 1670 2390 1675 2390 1675 2390 1679 2390 1679 2390 1679 2390 1684 2390 1684 2390 1684 2390 1688 2390 1688 2390 1688 2395 1720 2426 1724 2426 1724 2426 1819 2395 1824 2395 1824 2395 1824 2395 1828 2395 1828 2395 1833 2395 1964 2426 1977 2431 1986 2426 2067 2399 2067 2399 2072 2399 2072 2399 2077 2399 2077 2399 2077 2399 2081 2399 2081 2399 2086 2399 2086 2399 2086 2404 2086 2404 2113 2431 2117 2440 2424 2440 2438 2435 2469 2408 2469 2408 2474 2408 2474 2408 2478 2408 2478 2408 2478 2408 2483 2408 2483 2408 2483 2408 2487 2408 2487 2408 2487 2408 2492 2408 2528 2435 2542 2444 2564 2435 2623 2413 2623 2413 2627 2413 2627 2413 2632 2413 2632 2413 2632 2413 2636 2413 2636 2413 2636 2413 2682 2435 2700 2444 2718 2435 2754 2422 2754 2422 2758 2422 2758 2422 2763 2422 2763 2422 2763 2422 2844 2440 2912 2453 2925 2440 2943 2426 2943 2422 2943 2422 2948 2422 2948 2422 2948 2422 2952 2422 2952 2422 2957 2422 2957 2422 2957 2422 3061 2440 3151 2458 3535 2449 3539 2535 3526 2575 3413 2548 3372 2575 3372 2575 3368 2575 3368 2575 3368 2575 3363 2575 3363 2575 3359 2575 3359 2575 3359 2575 3354 2575 3354 2575 3345 2571 3282 2548 3156 2566 3129 2571 3129 2571 3124 2571 3124 2571 3124 2571 3120 2571 3120 2571 3120 2571 3111 2566 3061 2539 2952 2562 2948 2562 2948 2562 2948 2562 2943 2562 2943 2562 2939 2562 2939 2562 2939 2562 2939 2562 2934 2562 2934 2562 2934 2557 2907 2535 2785 2557 2763 2562 2763 2562 2763 2562 2758 2562 2758 2562 2754 2562 2754 2562 2754 2562 2749 2562 2745 2557 2700 2530 2474 2553 2447 2553 2447 2553 2442 2553 2442 2553 2438 2553 2438 2553 2438 2553 2433 2553 2433 2553 2433 2553 2433 2548 2406 2526 2280 2548 2262 2548 2262 2548 2257 2548 2257 2548 2257 2548 2253 2548 2253 2548 2253 2548 2248 2548 2248 2548 2248 2548 2248 2544 2221 2521 2081 2544 2063 2544 2063 2544 2058 2544 2058 2544 2058 2544 2054 2544 2054 2544 2054 2544 2049 2544 2049 2544 2049 2544 2022 2517 1977 2535 1977 2535 1973 2535 1973 2535 1968 2535 1968 2535 1968 2535 1964 2535 1882 2512 1792 2535 1774 2539 1769 2539 1769 2539 1765 2539 1765 2539 1765 2539 1733 2535 1598 2508 1264 2521"/></Shape>
	    <String CONTENT="Adam, Abraham, Isaac, et Iacob. Ex Hieronymo, Engu⟨bi⟩"
                    HPOS="1264"
                    VPOS="2386"
                    WIDTH="2275"
                    HEIGHT="189"></String>
          </TextLine>

          
          
          <TextLine ID="eSc_line_bd83f1a4"
                    TAGREFS="LT85"
                    BASELINE="1273 2580 2230 2593" 
                    HPOS="1268"
                    VPOS="2499"
                    WIDTH="962"
                    HEIGHT="103">
            <Shape><Polygon POINTS="1273 2580 1268 2521 1584 2499 1589 2499 2226 2535 2230 2593 2221 2602 1268 2593"/></Shape>
	    <String CONTENT="no, Vadiano."
                    HPOS="1268"
                    VPOS="2499"
                    WIDTH="962"
                    HEIGHT="103"></String>
          </TextLine>

          
          
          <TextLine ID="eSc_line_257522e8"
                    TAGREFS="LT85"
                    BASELINE="1092 2683 3580 2683" 
                    HPOS="1088"
                    VPOS="2589"
                    WIDTH="2497"
                    HEIGHT="144">
            <Shape><Polygon POINTS="1092 2683 1092 2598 1517 2629 1806 2629 1837 2598 1842 2593 1842 2589 1842 2589 1846 2589 1846 2589 1846 2589 1851 2589 1851 2589 1851 2589 1855 2589 1855 2589 1860 2589 1860 2589 1860 2589 1873 2598 1923 2620 1995 2598 2018 2589 2022 2589 2022 2589 2022 2589 2027 2589 2027 2589 2027 2589 2031 2589 2031 2589 2036 2589 2036 2589 2036 2593 2040 2598 2077 2625 2248 2598 2248 2598 2248 2598 2253 2598 2253 2598 2253 2598 2253 2598 2257 2598 2257 2598 2316 2625 2343 2598 2347 2593 2347 2589 2347 2589 2352 2589 2352 2589 2352 2589 2356 2589 2356 2589 2356 2589 2361 2589 2361 2589 2415 2598 2605 2629 2754 2629 2799 2598 2803 2598 2803 2598 2803 2598 2808 2598 2808 2598 2808 2598 2813 2598 2813 2598 2813 2598 2813 2598 2817 2598 2912 2629 3440 2629 3472 2598 3476 2593 3476 2589 3476 2589 3481 2589 3481 2589 3481 2589 3485 2589 3485 2589 3490 2589 3490 2589 3580 2598 3580 2683 3585 2706 3503 2733 3499 2733 3499 2733 3494 2733 2086 2711 2027 2733 2027 2733 2022 2733 2022 2733 2022 2733 2018 2733 2018 2733 2013 2733 2013 2733 2013 2733 2009 2733 2009 2733 1977 2711 1521 2733 1517 2733 1088 2706"/></Shape>
	    <String CONTENT="6 Hecates parua Insula ante Delum, a Semo uocata, fuit"
                    HPOS="1088"
                    VPOS="2589"
                    WIDTH="2497"
                    HEIGHT="144"></String>
          </TextLine>

          
          
          <TextLine ID="eSc_line_1c18791e"
                    TAGREFS="LT85"
                    BASELINE="1277 2805 3571 2796" 
                    HPOS="1268"
                    VPOS="2706"
                    WIDTH="2303"
                    HEIGHT="149">
            <Shape><Polygon POINTS="1277 2805 1268 2733 1679 2711 1684 2711 1684 2711 1684 2711 1688 2711 1688 2711 1688 2711 1693 2711 1693 2711 1715 2733 1715 2733 1724 2733 1801 2711 1806 2711 1806 2711 1810 2711 1810 2711 1810 2711 1815 2711 1815 2711 1815 2711 1819 2711 1819 2711 1819 2715 1837 2733 1842 2738 2298 2738 2316 2733 2411 2706 2415 2706 2415 2706 2420 2706 3562 2733 3571 2796 3562 2841 3074 2819 3029 2841 3029 2846 3025 2846 3025 2846 3025 2846 3020 2846 3020 2846 3016 2846 3016 2846 2984 2841 2835 2823 2799 2841 2799 2846 2794 2846 2794 2846 2794 2846 2790 2846 2790 2846 2785 2846 2785 2846 2785 2846 2763 2841 2645 2819 2587 2841 2578 2846 2578 2846 2573 2846 2573 2846 2573 2846 2569 2846 2569 2846 2569 2846 2564 2846 2564 2846 2555 2841 2505 2819 2483 2841 2483 2841 2483 2846 2483 2846 2478 2846 2478 2846 2478 2846 2474 2846 2474 2846 2474 2846 2469 2846 2469 2846 2442 2841 2298 2823 2113 2841 2040 2850 2040 2855 1837 2855 1833 2850 1833 2850 1828 2850 1828 2850 1828 2850 1824 2850 1824 2850 1819 2841 1797 2828 1715 2841 1670 2850 1670 2850 1670 2850 1666 2850 1666 2850 1661 2850 1661 2850 1661 2850 1657 2850 1657 2850 1652 2841 1620 2823 1277 2841"/></Shape>
	    <String CONTENT="psammetyche, quoniam Delij Hecatem pſammetis, quae"
                    HPOS="1268"
                    VPOS="2706"
                    WIDTH="2303"
                    HEIGHT="149"></String>
          </TextLine>

          
          
          <TextLine ID="eSc_line_b40a7364"
                    TAGREFS="LT85"
                    BASELINE="1273 2909 3576 2918" 
                    HPOS="1268"
                    VPOS="2832"
                    WIDTH="2308"
                    HEIGHT="131">
            <Shape><Polygon POINTS="1273 2909 1273 2837 3278 2855 3300 2837 3300 2832 3300 2832 3305 2832 3305 2832 3305 2832 3309 2832 3309 2832 3309 2832 3314 2832 3571 2832 3576 2918 3562 2963 3517 2941 3359 2963 3341 2963 3341 2963 3336 2963 3336 2963 3332 2963 3327 2963 3246 2941 2352 2959 2298 2959 2293 2959 2293 2959 2289 2959 2289 2959 2289 2959 2289 2959 2244 2936 2140 2959 2131 2959 2131 2959 2131 2959 2126 2959 2126 2959 2122 2959 2117 2959 2022 2936 1268 2954"/></Shape>
	    <String CONTENT="Placentulae quaedam ſunt, uenerentur, auctore phanode"
                    HPOS="1268"
                    VPOS="2832"
                    WIDTH="2308"
                    HEIGHT="131"></String>
          </TextLine>

          
          
          <TextLine ID="eSc_line_f72cc0d4"
                    TAGREFS="LT85"
                    BASELINE="1250 3013 2176 3022" 
                    HPOS="1241"
                    VPOS="2950"
                    WIDTH="935"
                    HEIGHT="112">
            <Shape><Polygon POINTS="1250 3013 1250 2950 2176 2959 2176 3022 2171 3035 1715 3062 1711 3062 1241 3026"/></Shape>
	    <String CONTENT="mo. Ex ⟦Strab⟧ Varino."
                    HPOS="1241"
                    VPOS="2950"
                    WIDTH="935"
                    HEIGHT="112"></String>
          </TextLine>

          
          
          <TextLine ID="eSc_line_87b5fd8d"
                    TAGREFS="LT85"
                    BASELINE="1056 3116 2176 3135 3571 3184" 
                    HPOS="1047"
                    VPOS="3013"
                    WIDTH="2533"
                    HEIGHT="203">
            <Shape><Polygon POINTS="1056 3116 1052 3026 1295 3013 1300 3013 1300 3013 1300 3013 1440 3040 1503 3049 1521 3040 1562 3022 1562 3022 1562 3022 1566 3022 1566 3022 1571 3022 1571 3022 1571 3022 1575 3022 1657 3044 1688 3058 2108 3067 2131 3062 2235 3040 2235 3040 2235 3040 2239 3040 2239 3040 2244 3040 2244 3040 2244 3040 2248 3040 2293 3071 2298 3071 2298 3071 2356 3044 2356 3044 2361 3044 2361 3044 2361 3044 2365 3044 2365 3044 2370 3044 2370 3044 2370 3044 2429 3076 2456 3049 2456 3049 2460 3049 2460 3049 2460 3049 2465 3049 2465 3049 2469 3049 2469 3049 2469 3049 2632 3080 2636 3080 2636 3080 2776 3062 2776 3062 2781 3062 2781 3062 2781 3062 2785 3062 2785 3062 2790 3062 2790 3062 2822 3085 3007 3067 3007 3067 3011 3067 3011 3067 3241 3098 3535 3076 3539 3076 3539 3076 3539 3076 3544 3076 3544 3076 3544 3076 3548 3076 3548 3080 3548 3080 3553 3080 3580 3116 3571 3184 3562 3216 1047 3130"/></Shape>
	    <String CONTENT="7 Hedeta Hedetanorum urbs in Hispania Tarraconensi, Lei"
                    HPOS="1047"
                    VPOS="3013"
                    WIDTH="2533"
                    HEIGHT="203"></String>
          </TextLine>

          
          
          <TextLine ID="eSc_line_28499c22"
                    TAGREFS="LT85"
                    BASELINE="1259 3234 2280 3274 3409 3283" 
                    HPOS="1250"
                    VPOS="3153"
                    WIDTH="2159"
                    HEIGHT="166">
            <Shape><Polygon POINTS="1259 3234 1255 3166 1341 3153 1341 3153 1345 3153 1345 3153 1345 3153 1350 3153 1404 3166 1462 3184 1512 3171 1553 3162 1557 3162 1557 3162 1562 3162 1562 3162 1562 3162 1620 3175 1688 3189 1801 3180 1900 3171 1905 3171 1905 3171 2045 3184 2194 3202 2275 3193 2393 3175 2393 3175 2397 3175 2397 3175 2397 3175 2402 3175 2402 3175 2406 3175 2406 3175 2406 3180 2411 3180 2424 3198 2433 3211 2596 3211 2632 3202 2691 3184 2695 3184 2695 3184 2695 3184 2700 3184 2700 3184 2704 3184 2790 3207 2813 3211 2835 3207 2907 3189 2912 3189 2912 3189 2916 3189 2916 3189 2916 3189 2921 3189 2921 3189 2925 3189 2925 3189 2952 3211 2962 3216 3011 3211 3201 3193 3201 3193 3205 3193 3205 3193 3409 3225 3409 3283 3404 3301 2600 3319 2596 3319 2365 3310 2365 3310 2365 3310 2361 3310 2361 3310 2361 3310 2356 3310 2356 3310 2356 3306 2338 3288 2293 3310 2293 3310 2293 3310 2289 3310 2289 3310 2284 3310 1995 3306 1995 3306 1995 3306 1991 3306 1887 3274 1797 3301 1792 3301 1792 3301 1792 3306 1788 3301 1788 3301 1783 3301 1688 3270 1250 3256"/></Shape>
	    <String CONTENT="ria etiam uocata, nunc Lauro. Ex L. Marineo."
                    HPOS="1250"
                    VPOS="3153"
                    WIDTH="2159"
                    HEIGHT="166"></String>
          </TextLine>

          
          
          <TextLine ID="eSc_line_976d7abe"
                    TAGREFS="LT85"
                    BASELINE="1061 3315 2533 3396 3571 3396" 
                    HPOS="1052"
                    VPOS="3225"
                    WIDTH="2519"
                    HEIGHT="230">
            <Shape><Polygon POINTS="1061 3315 1056 3229 1295 3225 1300 3225 1300 3225 1304 3225 1350 3238 1458 3274 1490 3243 1494 3243 1494 3238 1494 3238 1499 3238 1499 3238 1499 3238 1503 3238 1503 3238 1508 3238 1508 3238 1508 3238 1512 3238 1512 3238 1530 3243 1589 3270 1657 3252 1684 3243 1688 3243 1688 3243 1688 3243 1693 3243 1693 3243 1697 3243 1697 3243 1697 3243 1702 3243 1702 3243 1711 3252 1751 3283 1833 3256 1846 3252 1851 3252 1851 3252 1851 3252 1855 3252 1855 3252 1855 3252 1891 3256 2049 3301 2415 3310 2474 3283 2474 3283 2474 3283 2478 3283 2478 3283 2483 3283 2483 3283 2483 3283 2487 3283 2487 3283 2487 3283 2492 3283 2492 3283 2528 3315 2587 3283 2591 3283 2591 3283 2591 3283 2596 3283 2596 3283 2600 3283 2600 3283 2600 3283 2605 3283 2605 3283 2605 3283 2609 3283 2609 3283 2609 3283 2654 3319 2794 3297 2794 3297 2794 3297 2799 3297 2799 3297 3029 3333 3065 3301 3074 3297 3074 3292 3074 3292 3079 3292 3079 3292 3083 3292 3083 3292 3083 3292 3088 3292 3088 3292 3088 3292 3156 3306 3291 3338 3341 3315 3363 3301 3363 3301 3363 3301 3368 3301 3368 3301 3372 3301 3372 3301 3571 3324 3571 3396 3567 3432 3332 3450 3327 3450 3327 3450 3327 3450 3323 3450 3323 3450 3323 3450 3318 3450 3318 3450 3318 3446 3314 3446 3296 3423 3296 3419 3129 3419 3129 3419 3092 3450 3092 3455 3092 3455 3088 3455 3088 3455 3088 3455 3083 3455 3083 3455 3083 3455 3079 3455 3079 3455 2835 3414 2758 3441 2758 3441 2754 3441 2754 3441 2749 3441 2469 3432 2469 3432 2469 3432 2465 3432 2465 3432 2465 3432 2411 3405 2104 3419 2099 3419 2099 3419 2099 3419 2095 3419 2095 3419 2095 3419 2090 3419 2040 3387 1833 3401 1828 3401 1828 3401 1828 3401 1824 3401 1824 3401 1824 3401 1819 3401 1819 3401 1819 3396 1788 3369 1788 3365 1575 3360 1571 3360 1512 3396 1508 3396 1508 3396 1503 3396 1503 3396 1503 3396 1499 3396 1499 3396 1499 3396 1494 3396 1494 3396 1490 3396 1490 3396 1490 3392 1490 3392 1458 3360 1426 3383 1422 3383 1422 3383 1422 3383 1417 3383 1417 3383 1417 3383 1413 3383 1413 3383 1408 3383 1408 3383 1408 3383 1404 3383 1359 3351 1354 3347 1052 3338"/></Shape>
	    <String CONTENT="8 Hedrus Insula deserta prope Hyberniam, a Plinio Andros"
                    HPOS="1052"
                    VPOS="3225"
                    WIDTH="2519"
                    HEIGHT="230"></String>
          </TextLine>

          
          
          <TextLine ID="eSc_line_3da2988a"
                    TAGREFS="LT85"
                    BASELINE="1277 3446 1733 3446 2212 3482" 
                    HPOS="1273"
                    VPOS="3351"
                    WIDTH="939"
                    HEIGHT="140">
            <Shape><Polygon POINTS="1277 3446 1277 3351 2212 3405 2212 3482 2203 3491 1273 3459"/></Shape>
	    <String CONTENT="dicitur. Ex Munstero"
                    HPOS="1273"
                    VPOS="3351"
                    WIDTH="939"
                    HEIGHT="140"></String>
          </TextLine>

          
          
          <TextLine ID="eSc_line_72443308"
                    TAGREFS="LT85"
                    BASELINE="1033 3536 1485 3536 2907 3604 3580 3586" 
                    HPOS="1024"
                    VPOS="3423"
                    WIDTH="2556"
                    HEIGHT="239">
            <Shape><Polygon POINTS="1033 3536 1024 3468 1178 3423 1182 3423 1182 3423 1187 3423 1318 3428 1318 3428 1318 3428 1322 3428 1322 3428 1327 3428 1327 3428 1327 3432 1332 3432 1345 3450 1377 3437 1377 3437 1377 3437 1381 3437 1381 3437 1381 3437 1386 3437 1386 3437 1390 3437 1390 3437 1390 3437 1395 3437 1395 3437 1395 3441 1417 3459 1449 3432 1449 3432 1453 3432 1453 3432 1453 3432 1458 3432 1458 3432 1458 3432 1462 3432 1462 3432 1467 3432 1467 3432 1467 3432 1517 3455 1580 3437 1584 3437 1584 3437 1584 3437 1589 3437 1589 3437 1593 3437 1593 3437 1593 3437 1598 3437 1652 3473 1670 3486 1720 3477 1846 3446 1846 3446 1846 3446 1851 3446 1851 3446 1855 3446 1968 3477 2049 3504 2271 3504 2325 3482 2338 3477 2338 3477 2343 3477 2343 3477 2343 3477 2347 3477 2347 3477 2352 3477 2352 3477 2352 3477 2356 3477 2356 3477 2356 3482 2361 3482 2388 3513 2487 3513 2528 3486 2542 3473 2542 3473 2546 3473 2546 3473 2546 3473 2551 3473 2551 3473 2555 3473 2555 3473 2555 3473 2560 3473 2560 3473 2560 3473 2564 3473 2582 3486 2627 3518 2695 3491 2695 3491 2700 3491 2700 3491 2704 3491 2704 3491 2704 3491 2709 3491 2709 3491 2785 3527 3120 3531 3174 3495 3183 3486 3183 3486 3187 3486 3187 3486 3192 3486 3192 3486 3192 3486 3196 3486 3296 3491 3296 3491 3296 3491 3300 3491 3300 3491 3300 3491 3305 3491 3305 3491 3309 3495 3345 3527 3368 3509 3368 3504 3368 3504 3372 3504 3372 3504 3372 3504 3377 3504 3377 3504 3381 3504 3381 3504 3381 3504 3386 3504 3458 3527 3562 3500 3580 3586 3576 3662 3472 3662 3467 3658 3467 3658 3463 3658 3463 3658 3463 3658 3458 3658 3458 3658 3458 3658 3409 3622 3201 3649 3174 3649 3174 3649 3169 3649 3083 3644 2650 3608 2483 3622 2438 3626 2438 3626 2433 3626 2433 3626 2429 3626 2429 3626 2429 3626 2424 3626 2420 3622 2375 3590 2216 3613 2185 3617 2185 3617 2180 3617 2180 3617 2131 3613 1932 3581 1887 3604 1882 3604 1882 3604 1882 3604 1878 3604 1878 3604 1873 3604 1873 3604 1873 3604 1869 3604 1869 3604 1864 3604 1864 3604 1864 3604 1864 3599 1833 3577 1797 3599 1792 3604 1788 3604 1788 3604 1788 3604 1783 3604 1783 3604 1779 3604 1779 3604 1779 3604 1774 3604 1774 3604 1774 3604 1765 3599 1702 3568 1029 3572"/></Shape>
	    <String CONTENT="9 Hedui Galliae Celticae populi apud Caesarem, Ædui a Pto"
                    HPOS="1024"
                    VPOS="3423"
                    WIDTH="2556"
                    HEIGHT="239"></String>
          </TextLine>

          
          
          <TextLine ID="eSc_line_44cefd2e"
                    TAGREFS="LT85"
                    BASELINE="1259 3640 1742 3653 2081 3694 3589 3721" 
                    HPOS="1250"
                    VPOS="3550"
                    WIDTH="2339"
                    HEIGHT="225">
            <Shape><Polygon POINTS="1259 3640 1259 3550 1571 3586 1684 3559 1684 3559 1688 3559 1688 3559 1693 3559 1693 3559 1693 3559 1697 3559 1697 3559 1810 3595 1833 3572 1833 3572 1837 3572 1837 3572 1837 3572 1842 3572 1842 3572 1842 3572 1846 3572 1846 3572 1851 3572 1851 3572 1851 3572 1855 3572 1855 3572 1878 3590 1905 3568 1905 3568 1909 3568 1909 3568 1909 3568 1914 3568 1914 3568 1918 3568 1995 3568 2049 3568 2049 3568 2049 3568 2054 3568 2054 3568 2054 3568 2054 3568 2058 3568 2058 3572 2058 3572 2095 3608 2140 3581 2144 3581 2144 3581 2144 3581 2149 3581 2149 3581 2153 3581 2153 3581 2153 3581 2158 3581 2158 3581 2158 3581 2221 3617 2275 3581 2280 3581 2280 3581 2280 3581 2284 3581 2284 3581 2289 3581 2289 3581 2289 3581 2293 3581 2293 3581 2298 3581 2298 3581 2298 3586 2338 3622 2402 3586 2402 3586 2402 3586 2406 3586 2406 3586 2406 3586 2411 3586 2411 3586 2415 3586 2415 3586 2415 3586 2487 3622 2627 3581 2627 3581 2632 3581 2632 3581 2632 3581 2636 3581 2636 3581 2641 3581 2641 3581 2641 3581 2641 3581 2645 3581 2645 3581 2709 3635 3052 3644 3278 3644 3345 3599 3350 3599 3350 3599 3350 3599 3350 3599 3354 3599 3354 3599 3354 3599 3359 3599 3359 3599 3363 3599 3363 3599 3363 3599 3363 3599 3368 3599 3368 3599 3368 3604 3409 3644 3499 3649 3576 3604 3589 3721 3576 3775 3517 3743 3309 3762 3296 3762 3291 3762 3291 3762 3291 3762 3287 3762 3287 3762 3282 3762 3223 3734 3192 3757 3169 3775 3165 3775 3165 3775 3165 3775 3160 3775 3160 3775 3160 3775 3156 3775 3156 3775 3151 3775 3151 3775 3151 3775 3147 3775 3115 3753 3106 3748 3083 3753 2980 3771 2980 3771 2980 3771 2975 3771 2975 3771 2971 3771 2971 3771 2971 3771 2966 3771 2966 3771 2966 3766 2943 3743 2921 3725 2871 3743 2844 3748 2840 3748 2840 3748 2840 3748 2835 3748 2835 3748 2831 3748 2831 3748 2831 3748 2826 3748 2826 3748 2826 3743 2822 3743 2822 3739 2803 3716 2542 3716 2515 3725 2442 3753 2442 3753 2438 3753 2438 3753 2433 3753 2433 3753 2433 3753 2429 3753 2429 3753 2429 3753 2424 3753 2375 3716 2347 3716 2239 3712 2235 3712 2176 3753 2171 3753 2171 3753 2171 3753 2167 3753 2167 3753 2162 3753 1846 3748 1846 3748 1846 3748 1842 3748 1842 3748 1842 3748 1837 3748 1751 3689 1733 3676 1250 3662"/></Shape>
	    <String CONTENT="lemaeo dici , Æduſij ab Apollodoro in quarto chronicorum"
                    HPOS="1250"
                    VPOS="3550"
                    WIDTH="2339"
                    HEIGHT="225"></String>
          </TextLine>

          
          
          <TextLine ID="eSc_line_10cd5f6b"
                    TAGREFS="LT43"
                    BASELINE="1804 3714 2078 3732" 
                    HPOS="1792"
                    VPOS="3640"
                    WIDTH="285"
                    HEIGHT="108">
            <Shape><Polygon POINTS="1801 3712 1801 3640 2067 3662 2077 3730 2067 3748 1792 3730"/></Shape>
	    <String CONTENT="Inferiones"
                    HPOS="1792"
                    VPOS="3640"
                    WIDTH="285"
                    HEIGHT="108"></String>
          </TextLine>

          
          
          <TextLine ID="eSc_line_b7165124"
                    TAGREFS="LT85"
                    BASELINE="1259 3748 1873 3771 1964 3780 3151 3820 3576 3807" 
                    HPOS="1250"
                    VPOS="3658"
                    WIDTH="2321"
                    HEIGHT="198">
            <Shape><Polygon POINTS="1255 3743 1255 3658 1535 3694 1562 3671 1562 3667 1562 3667 1566 3667 1566 3667 1566 3667 1566 3667 1571 3667 1571 3667 1575 3667 1575 3667 1575 3667 1584 3667 1724 3694 1751 3671 1751 3671 1751 3671 1756 3671 1756 3671 1756 3671 1760 3671 1760 3671 1765 3671 2086 3680 2086 3680 2086 3680 2090 3680 2090 3680 2090 3680 2099 3685 2171 3721 2280 3703 2280 3703 2280 3703 2284 3703 2284 3703 2289 3703 2289 3703 2289 3703 2293 3703 2329 3730 2745 3734 2790 3707 2794 3703 2799 3703 2799 3703 2799 3703 2803 3703 2803 3703 2808 3703 2808 3703 2808 3703 2813 3703 2813 3703 2817 3703 2817 3703 2817 3707 2822 3707 2858 3743 2952 3743 3562 3734 3571 3802 3567 3829 2948 3856 2943 3856 2943 3856 2943 3856 2745 3816 2356 3829 2352 3829 2352 3829 2352 3829 2347 3829 2347 3829 2343 3829 2343 3829 2343 3829 2316 3802 2203 3834 2198 3834 2198 3834 2194 3834 2194 3834 2194 3834 2189 3834 2189 3834 2189 3834 2185 3834 2185 3834 2185 3829 2158 3802 1982 3793 1882 3825 1878 3825 1878 3825 1878 3825 1873 3825 1873 3825 1869 3825 1869 3825 1869 3825 1864 3825 1864 3825 1864 3820 1860 3820 1837 3789 1711 3780 1666 3780 1652 3780 1404 3811 1404 3811 1399 3811 1399 3811 1395 3811 1395 3811 1395 3811 1390 3811 1390 3811 1390 3807 1390 3807 1354 3771 1354 3771 1250 3771"/></Shape>
	    <String CONTENT="Burgundiones * sunt, qui Ducatum Burgundiae innotant"
                    HPOS="1250"
                    VPOS="3658"
                    WIDTH="2321"
                    HEIGHT="198"></String>
          </TextLine>

          
          
          <TextLine ID="eSc_line_27bb8e8e"
                    TAGREFS="LT85"
                    BASELINE="1255 3870 2903 3933 3585 3910" 
                    HPOS="1241"
                    VPOS="3784"
                    WIDTH="2344"
                    HEIGHT="194">
            <Shape><Polygon POINTS="1255 3870 1241 3811 1277 3789 1282 3789 1282 3789 1286 3789 1286 3789 1286 3789 1291 3789 1291 3789 1295 3789 1295 3789 1363 3811 1368 3816 1372 3811 1408 3784 1408 3784 1413 3784 1413 3784 1417 3784 1417 3784 1417 3784 1422 3784 1422 3784 1422 3784 1426 3784 1426 3784 1499 3816 1512 3820 1557 3816 1670 3802 1670 3802 1675 3802 1675 3802 1679 3802 1679 3802 1679 3802 1684 3802 1706 3816 1715 3825 1733 3816 1792 3793 1792 3793 1797 3793 1797 3793 1797 3793 1801 3793 1801 3793 1806 3793 1806 3793 1806 3793 1810 3793 1810 3793 1810 3798 1810 3798 1833 3820 1842 3834 2194 3838 2230 3825 2275 3807 2275 3807 2280 3807 2280 3807 2284 3807 2284 3807 2284 3807 2289 3807 2289 3807 2289 3807 2293 3807 2293 3807 2293 3811 2298 3811 2307 3825 2320 3843 2375 3825 2429 3811 2433 3811 2433 3811 2438 3811 2438 3811 2438 3811 2442 3811 2442 3811 2442 3811 2447 3811 2447 3811 2447 3816 2451 3816 2460 3825 2474 3852 2749 3852 2790 3829 2794 3829 2794 3829 2794 3829 2799 3829 2799 3829 2799 3829 2803 3829 2803 3829 2803 3829 2822 3829 2948 3861 3576 3843 3585 3910 3576 3951 3260 3951 3101 3978 3101 3978 3097 3978 3097 3978 3097 3978 3092 3978 3092 3978 3038 3956 2668 3965 2664 3965 2664 3965 2659 3965 2659 3965 2659 3965 2600 3937 2343 3956 2338 3956 2338 3956 2338 3956 2334 3956 2216 3924 2135 3951 2135 3951 2131 3951 2131 3951 2126 3951 2126 3951 2126 3951 2122 3951 2122 3951 2117 3951 2117 3951 2117 3946 2117 3946 2086 3915 2036 3937 2036 3937 2031 3937 2031 3937 2031 3937 2027 3937 2027 3937 2022 3937 2022 3937 1950 3910 1950 3910 1946 3910 1648 3937 1643 3937 1485 3933 1485 3933 1485 3933 1481 3933 1481 3933 1476 3933 1476 3933 1476 3928 1440 3897 1377 3928 1377 3928 1377 3928 1372 3928 1372 3928 1368 3928 1368 3928 1368 3928 1363 3928 1363 3928 1363 3928 1359 3928 1359 3928 1359 3924 1327 3892 1246 3888"/></Shape>
	    <String CONTENT="et Augustodunum, quod Autum, Austum *h, uel Hauſtū"
                    HPOS="1241"
                    VPOS="3784"
                    WIDTH="2344"
                    HEIGHT="194"></String>
          </TextLine>

          
          
          <TextLine ID="eSc_line_86b01e63"
                    TAGREFS="LT85"
                    BASELINE="1246 3992 2980 4041 3567 4019" 
                    HPOS="1237"
                    VPOS="3906"
                    WIDTH="2330"
                    HEIGHT="162">
            <Shape><Polygon POINTS="1246 3992 1246 3906 1697 3937 1724 3915 1724 3915 1724 3910 1724 3910 1729 3910 1729 3910 1729 3910 1733 3910 1733 3910 1738 3910 1846 3910 1846 3910 1846 3910 1851 3910 1851 3910 1851 3910 1855 3910 1855 3910 1855 3915 1860 3915 1860 3915 1878 3937 2022 3919 2081 3915 2081 3915 2086 3915 2086 3915 2090 3915 2090 3915 2090 3915 2095 3915 2095 3915 2104 3924 2131 3946 2311 3951 2370 3928 2379 3924 2379 3924 2384 3924 2384 3924 2384 3924 2388 3924 2388 3924 2388 3924 2393 3924 2393 3924 2397 3924 2397 3924 2397 3924 2402 3928 2429 3951 2569 3933 2578 3933 2578 3933 2582 3933 2582 3933 2582 3933 2591 3933 2731 3965 2876 3965 2916 3937 2925 3933 2930 3933 2930 3933 2934 3933 2934 3933 2934 3933 2939 3933 2939 3933 2943 3933 2943 3933 2943 3933 2948 3933 2948 3933 2957 3942 2989 3969 3142 3969 3232 3946 3250 3942 3255 3942 3255 3942 3260 3942 3562 3956 3567 4019 3562 4068 2740 4068 2736 4064 2198 4032 2104 4028 2077 4028 1909 4046 1909 4046 1905 4046 1237 4005"/></Shape>
	    <String CONTENT="dicitur. Ex illis, Stephano, Martiano, Vadiano, Glareano,"
                    HPOS="1237"
                    VPOS="3906"
                    WIDTH="2330"
                    HEIGHT="162"></String>
          </TextLine>

          
          
          <TextLine ID="eSc_line_66a82a02"
                    TAGREFS="LT85"
                    BASELINE="1250 4091 2533 4113" 
                    HPOS="1241"
                    VPOS="4001"
                    WIDTH="1292"
                    HEIGHT="126">
            <Shape><Polygon POINTS="1250 4091 1250 4001 2018 4041 2113 4032 2271 4014 2271 4014 2275 4014 2275 4014 2528 4050 2533 4113 2524 4127 1241 4104"/></Shape>
	    <String CONTENT="Roberto, Munſtero, Rhellicano."
                    HPOS="1241"
                    VPOS="4001"
                    WIDTH="1292"
                    HEIGHT="126"></String>
          </TextLine>

          
          
          <TextLine ID="eSc_line_a4684124"
                    TAGREFS="LT85"
                    BASELINE="1047 4163 3526 4222" 
                    HPOS="1047"
                    VPOS="4091"
                    WIDTH="2479"
                    HEIGHT="176">
            <Shape><Polygon POINTS="1047 4163 1047 4091 1616 4113 1675 4104 1783 4091 1783 4091 1788 4091 1788 4091 1788 4091 1792 4091 1792 4091 1797 4091 1797 4091 1819 4109 1833 4122 1995 4122 2018 4113 2058 4100 2058 4100 2063 4100 2063 4100 2067 4100 2067 4100 2072 4100 2149 4118 2185 4127 2216 4122 2284 4104 2289 4104 2289 4104 2293 4104 2293 4104 2293 4104 2298 4104 2298 4104 2298 4104 2302 4104 2302 4104 2325 4122 2329 4127 2397 4127 2627 4118 2632 4118 2632 4118 2632 4118 2727 4136 2758 4140 2781 4136 2849 4118 2853 4118 2853 4118 2858 4118 2858 4118 2858 4118 2862 4118 2934 4140 2952 4145 3043 4145 3427 4131 3431 4131 3431 4131 3436 4131 3526 4158 3526 4222 3521 4231 3336 4258 3336 4258 3332 4258 3332 4258 3327 4258 3327 4258 3327 4258 3323 4258 3282 4231 3124 4258 3124 4258 3120 4258 3120 4258 3120 4258 3115 4258 3115 4258 3115 4258 3111 4258 3111 4258 3088 4240 2957 4267 2957 4267 2957 4267 2952 4267 2952 4267 2948 4267 2948 4267 2948 4267 2894 4240 2831 4262 2831 4262 2826 4262 2826 4262 2822 4262 2822 4262 2822 4262 2817 4262 2817 4262 2817 4262 2772 4240 2451 4253 2447 4253 2447 4253 2447 4253 2442 4253 2442 4253 2442 4253 2438 4253 2438 4253 2438 4249 2411 4226 2198 4231 2194 4231 2194 4231 2189 4231 2189 4231 2189 4231 2185 4231 2185 4231 2185 4226 2180 4226 2162 4204 2162 4204 2144 4204 1819 4217 1815 4217 1815 4217 1815 4217 1688 4195 1625 4222 1625 4222 1620 4222 1620 4222 1620 4222 1616 4222 1616 4222 1413 4195 1372 4226 1372 4226 1368 4226 1368 4226 1368 4226 1363 4226 1363 4226 1363 4231 1250 4231 1246 4226 1246 4226 1241 4226 1241 4226 1241 4226 1237 4226 1237 4226 1237 4222 1192 4181 1187 4181 1047 4181"/></Shape>
	    <String CONTENT="10 Hegetmatia Germaniae urbs, Lignitz est. Ex Munstero"
                    HPOS="1047"
                    VPOS="4091"
                    WIDTH="2479"
                    HEIGHT="176"></String>
          </TextLine>

          
          
          <TextLine ID="eSc_line_5682a73f"
                    TAGREFS="LT85"
                    BASELINE="1047 4271 2194 4294 2668 4330 3571 4312" 
                    HPOS="1038"
                    VPOS="4190"
                    WIDTH="2533"
                    HEIGHT="158">
            <Shape><Polygon POINTS="1047 4271 1043 4204 1223 4190 1228 4190 1228 4190 1228 4190 1232 4190 1232 4190 1259 4204 1313 4226 1372 4204 1408 4190 1408 4190 1413 4190 1413 4190 1417 4190 1417 4190 1417 4190 1422 4190 1422 4190 1422 4190 1426 4190 1426 4190 1426 4195 1435 4204 1453 4222 1760 4226 1797 4204 1810 4195 1815 4195 1815 4195 1815 4195 1819 4195 1819 4195 1819 4195 1824 4195 1824 4195 1828 4195 1828 4195 1855 4204 1914 4226 1955 4204 1973 4195 1973 4195 1973 4195 1977 4195 1977 4195 1977 4195 1982 4195 1982 4195 1982 4195 1986 4195 2018 4204 2058 4217 2104 4204 2131 4199 2135 4199 2135 4199 2140 4199 2140 4199 2140 4199 2144 4199 2144 4199 2144 4199 2149 4199 2149 4199 2153 4204 2176 4226 2203 4204 2212 4199 2216 4199 2216 4199 2216 4199 2221 4199 2221 4199 2226 4199 2226 4199 2226 4199 2230 4199 2230 4199 2235 4199 2244 4204 2302 4240 2411 4208 2424 4204 2429 4204 2429 4204 2429 4204 2433 4204 2433 4204 2438 4204 2438 4204 2438 4204 2442 4204 2442 4204 2442 4208 2442 4208 2483 4249 2551 4249 2600 4208 2600 4204 2600 4204 2605 4204 2605 4204 2605 4204 2609 4204 2609 4204 2609 4204 2614 4204 2614 4204 2618 4204 2618 4204 2618 4204 2623 4204 2623 4204 2627 4208 2677 4249 2781 4253 2993 4253 3070 4208 3074 4208 3074 4208 3074 4208 3079 4208 3079 4208 3079 4208 3083 4208 3083 4208 3088 4208 3088 4208 3088 4208 3092 4208 3178 4253 3562 4213 3571 4312 3567 4343 2379 4348 2375 4348 2375 4348 2370 4348 2370 4348 2370 4348 2365 4348 2365 4348 2338 4325 2325 4312 1937 4312 1878 4316 1625 4339 1620 4339 1620 4339 1620 4339 1616 4339 1616 4339 1616 4339 1562 4312 1557 4307 1530 4307 1359 4330 1359 4330 1354 4330 1354 4330 1350 4330 1350 4330 1350 4330 1345 4330 1345 4330 1345 4325 1322 4307 1322 4303 1038 4298"/></Shape>
	    <String CONTENT="12 Heideba opp. in Cimbrica cherrhoneso, Sleswick dí"
                    HPOS="1038"
                    VPOS="4190"
                    WIDTH="2533"
                    HEIGHT="158"></String>
          </TextLine>

          
          
          <TextLine ID="eSc_line_8ea50282"
                    TAGREFS="LT85"
                    BASELINE="1255 4370 2049 4384" 
                    HPOS="1250"
                    VPOS="4298"
                    WIDTH="799"
                    HEIGHT="127">
            <Shape><Polygon POINTS="1255 4370 1250 4312 1779 4298 1783 4298 2045 4325 2049 4384 2040 4393 1666 4393 1666 4393 1639 4416 1639 4420 1639 4420 1634 4420 1634 4420 1634 4420 1630 4420 1630 4420 1630 4425 1530 4425 1526 4420 1526 4420 1521 4420 1521 4420 1521 4420 1517 4420 1517 4420 1517 4416 1512 4416 1490 4389 1490 4389 1250 4389"/></Shape>
	    <String CONTENT="citur. Ex Grantio"
                    HPOS="1250"
                    VPOS="4298"
                    WIDTH="799"
                    HEIGHT="127"></String>
          </TextLine>

          
          
          <TextLine ID="eSc_line_ad15e196"
                    TAGREFS="LT85"
                    BASELINE="1029 4456 3571 4497" 
                    HPOS="1020"
                    VPOS="4361"
                    WIDTH="2551"
                    HEIGHT="167">
            <Shape><Polygon POINTS="1029 4456 1024 4389 1273 4361 1273 4361 1277 4361 1277 4361 1282 4361 1282 4361 1282 4361 1286 4361 1286 4361 1286 4366 1286 4366 1309 4389 1322 4407 1652 4407 1693 4393 1724 4380 1724 4380 1729 4380 1729 4380 1733 4380 1733 4380 1733 4380 1738 4380 1738 4380 1738 4380 1742 4380 1742 4380 1742 4384 1756 4393 1769 4411 1959 4411 1982 4393 2004 4375 2004 4375 2009 4375 2009 4375 2009 4375 2013 4375 2013 4375 2018 4375 2018 4375 2018 4375 2022 4375 2022 4375 2022 4375 2027 4375 2027 4375 2027 4380 2045 4398 2058 4411 2149 4416 2203 4398 2248 4380 2248 4380 2253 4380 2253 4380 2257 4380 2257 4380 2257 4380 2262 4380 2262 4380 2266 4380 2293 4398 2302 4402 2329 4398 2429 4380 2429 4380 2429 4380 2433 4380 2433 4380 2438 4380 2438 4380 2438 4380 2442 4380 2442 4380 2442 4384 2442 4384 2460 4398 2478 4420 2519 4398 2546 4389 2546 4389 2551 4389 2551 4389 2551 4389 2555 4389 2555 4389 2560 4389 2560 4389 2560 4389 2564 4389 2578 4402 2614 4425 2772 4429 2907 4429 2934 4402 2948 4393 2948 4389 2948 4389 2952 4389 2952 4389 2952 4389 2957 4389 2957 4389 2962 4389 2962 4389 2962 4389 2966 4389 2966 4389 3002 4402 3065 4429 3178 4429 3201 4407 3210 4398 3210 4393 3210 4393 3214 4393 3214 4393 3214 4393 3219 4393 3219 4393 3219 4393 3223 4393 3567 4411 3571 4497 3567 4519 2465 4528 2460 4528 1873 4497 1598 4515 1593 4515 1020 4479"/></Shape>
	    <String CONTENT="12 Helenopolis Germaniae urbs ad Moenum, francofordi est"
                    HPOS="1020"
                    VPOS="4361"
                    WIDTH="2551"
                    HEIGHT="167"></String>
          </TextLine>

          
        </TextBlock>
        
        <TextBlock HPOS="3443"
                   VPOS="4541"
                   WIDTH="150"
                   HEIGHT="128"
                   ID="eSc_textblock_23830417"
                   TAGREFS="BT100">
          <Shape><Polygon POINTS="3443 4541 3443 4669 3593 4669 3593 4541"/></Shape>
          
          
          <TextLine ID="eSc_line_3f6e9335"
                    TAGREFS="LT85"
                    BASELINE="3485 4601 3571 4592" 
                    HPOS="3472"
                    VPOS="4515"
                    WIDTH="99"
                    HEIGHT="99">
            <Shape><Polygon POINTS="3485 4601 3472 4524 3558 4515 3571 4592 3571 4605 3485 4614"/></Shape>
	    <String CONTENT="et"
                    HPOS="3472"
                    VPOS="4515"
                    WIDTH="99"
                    HEIGHT="99"></String>
          </TextLine>

          
        </TextBlock>
        
        <TextBlock HPOS="1065"
                   VPOS="757"
                   WIDTH="14"
                   HEIGHT="14"
                   ID="eSc_textblock_337cf24d"
                   TAGREFS="BT">
          <Shape><Polygon POINTS="1065 771 1065 757 1079 757 1079 771"/></Shape>
          
        </TextBlock>
        
        <TextBlock HPOS="3666"
                   VPOS="3175"
                   WIDTH="13"
                   HEIGHT="14"
                   ID="eSc_textblock_a8939e04"
                   TAGREFS="BT">
          <Shape><Polygon POINTS="3679 3175 3679 3189 3666 3189 3666 3175"/></Shape>
          
        </TextBlock>
        

        
      </PrintSpace>
    </Page>
  </Layout>
</alto>
