3681 5350
664 575 2352 169 Segusianorum : alij uero dicunt esse Susam, glij collem

397 762 2065 156 112 Seigedo Daciae opp. Segedinum est. Ex Lazio

660 691 1999 138 crucis. Ex Marliano, Ruberto, Merula, Castaldo

392 847 2677 156 113 Selambina Hispaniae urbs, Sellobreta , Sellobregua ue dicitur

406 971 2659 219 114 Selephius Armeniae fluuius, in quo propter aquarum fi

762 949 875 116 Munſtero, Castaldo

655 1101 2392 183 giditatem absorptus fuit fuidericus Ænobarbus Car

669 1181 2400 210 ſar, ab Abbate Vrspergensi appellatur Serra, a Rcobal¬

450 1368 2592 196 115 Seleucia pieria Syriae Antiochenae urbs, uu go Soldi di

682 1301 2320 174 do Ferrariense cbaphim, ab, Iustiniano Genuensi ferrus

673 1502 808 138 citur. Ex Munstero

593 1524 2030 192 Seleucia in Mesopotamia, Moschi esa. Ex eodem

428 1573 2610 241 116 Selinas urbs Ciliciae, Taionopolis postea dicta, ubi obijt

754 1725 1700 174 traianus Caesar. Ex Dione, Cuspinimo

606 1814 2138 147 Selinus in Sicilia, Maezara est. Ex Volaterramo

441 1881 2579 192 117 Selogorggus Arcadiae urbs, Heraea postea dicta ab Heraeoo

664 2010 1223 134 bycaonis ſilio. Ex Stephano

459 2001 2548 268 118 Seybria, uit Selymbria Traciae urbs in propontide a

664 2126 2410 236 Selye dicta, quasi Selys urbs : nam Bria Thracum co

664 2233 2370 241 ce ciuitatem ſigniſicat : hodie est Selios, uel Siliurea. Ex

673 2358 2249 178 Strabone, Stephano, Munstero, Itinerario nd Bzantium

468 2461 2597 187 1199 Sempronium pannoniae opp. ubi Romani ſcrb Sempomo Duce

682 2541 2392 200 praeſidia habuere, nunc dicitur posonium, quasi Piosonii

678 2657 2369 165 a Pisone Romano. Ab Othone fisigensi uidetur appella

673 2773 2378 147 ri Bosan, et Bresbure Sed Lazius exiſtimat Brosbu

678 2884 1423 161 Flexum fusse. Ex illis, Cuspiniano

423 2938 2628 200 120 enagallica, Seoia, et Sina à Strabne dicta, Semnonmi

669 3062 2329 183 urbs in Italia, a Senonibus Galls condita :. Senogallia

673 3183 915 142 est. Ex Silio, B londo

423 3218 2655 210 12 Sengoriaui Beitanniae populi, eboracenses, ſunt. Ex Marliano

437 3343 2646 174 1u2Senia Illyici opp. Signia, Segna q. est. Ex Munsst. Cstalae

464 3432 2601 188 133 enones Galliae populi Belgis finitimi, Sens dicintur. Ho

678 3571 2396 133 rum pars Italiam petiere, et urbem diripuerunt, a Cae

682 3660 2378 165 millo amnes ferè interfecti. Sed demum piceno pula¬

673 3767 2392 160 ſij um Bois ad loca accessere, quae circa Istrum ſot

687 3869 2391 156 et cum Tauriſcis ea habitarunt. Assiduè autem be

696 3981 2342 156 lum gerentes contra Dacos, omnes interiere. Ex Stra

696 4092 736 147 bone, Marliano

455 4101 2637 223 124 Sentice laccaeorum urbs in Hispania, Simancas est. Ex Munſt

464 4199 2601 214 125 Sentinum Vmbriae opp. clarum uictoria, quam de Gallis rete

704 4315 2356 192 lere Romani e. Fabio, et P. Decio coss. Decio ipso ſe pto

709 4404 2409 197 uictoria deceuente, Saxoferratum est, Bartoli Iuisconiſul¬
