3698 5413
1196 590 2380 176 Ex Strabone, Ptolemaeo, Stephano, Eustathio, Varino Phli

1196 712 1043 145 lippe Begomnsi, Vadiano

984 784 2596 145 54 Eporedia Salassiorum opp. in Italia a Romanis Sibyllinorum Ha

1205 893 2122 121 rum iulsu conditum, Iuresa est. Ex Plinio, Roberto.

993 960 2578 185 55 Equestris Bequanorum Ciuitas in Gallia Belgica, Eastellumn

1250 1091 1152 108 um uogantur. Ex Munstero

997 1100 2574 185 76 Eraga Aphricae urrbs in Pentapoli, Aropus postea dicta. Ex todur

1011 1208 2551 163 57 Erasdnus fluuius Ex Arcadiae Stymphalo oriens, postea absorptur

1187 1299 2380 198 terra, in Agiuhe regione rursms emergere dicitur: et Ae

1210 1411 1494 122 nus quoq. uocatur. Ex Strabone.

1029 1456 2547 199 38 Erbita Sialiae urbs Sancus Nicolaus est, uel Nicosia. Ex le

1201 1556 600 126 beuo, Castald

1052 1641 2515 136 59 Eretria Euboeae ciuitas Atheniensium Colonia, a persis euers

1178 1723 2375 148 iterum etiam condita, ab Eretrio phaëtontis filio nuna

1187 1826 2380 163 pata, et Leucalphitos cognominata, propter albam fui

1201 1935 2375 153 nam, qua abundat, et qua praestantes mazae funtis

1192 2029 2379 154 laneis olim dicta fuit a Melaneo Euryti patre; Aro

1182 2138 2389 162 tria etiam. Sub ſe habuisse dicitur Andum, Tenedum

1196 2250 2371 154 ceum et alias Insulas. Ex Strabone, Stephano, Eustathio.

1011 2305 2556 216 60 Ergauica Celtiberum urbs in Hispania Tarraconensi

1178 2458 2393 171 Mcanica nunc dicitur, et uulgo Alcantz in Argonia. Ex

1196 2553 835 130 Marineo, Castalido

1002 2598 2569 234 161 Ericis pontus in Liguria est portus Lunae, uel Delphinis,

1201 2733 2149 171 uel fini, uel Speciae. Ex Plinio, Munstero, Castaldo

984 2810 2587 216 82 Ericis ſinus est Sinus Speciae et eius intima Rapallurs

1192 2945 2198 171 quem Turcae depredarunt. Ex Blondo, Castaldo

993 3022 2560 212 18 Ericodes una ex Æoli Insulis L M. P. prope Siciliam

1178 3148 2393 180 Ericusa a Plinio, a Stephano Ericussa dicta, nunc uero

1187 3247 2380 199 Alcud. Incolae uocantur Liparaei ex Ericode, uel ex E

1182 3333 2389 230 cussa. omnes enim, qui Æoti Insulas tenent, Liparaei:

1182 3441 2398 235 cebantur, Insulae nomine addito, quum posidebant, nomc

1173 3550 2394 279 cddita, et liparaei ſimpliciter, qui Liparum incotebantE

1192 3667 803 144 illis, et Bordono

1029 3725 2542 240 deEricusa Insula Epiri prope coryram, nunc appellantur Pan

1169 3847 2379 230 et, est ferè descta. Sed haec Insula cum Marathe,

1178 3946 2380 267 Elaphusa, et Malchate dicuntur Insulae Merleae. Ex

1182 4050 723 145 Bordono, Iouio

1011 4104 2560 280 35Eridanus Italiae fluuius maximus ex Vesuli ontis qremu

1178 4249 2389 252 uisendo fonte profluens, ab Eridano Solis filio uocaturs

1182 4339 2389 262 Liguribus Bodincus, siue, ut est apud polybium, Bodencei

1182 4447 2394 284 quod fundo careat, nam Bodem Galli antiqui uocabarue. E⟩

3458 4677 95 113 ſui
