3698 5310
916 473 2675 221 its panpii crtus cunpuia, Stalia, aeplaur stu, u mbico

1213 641 2383 155 tur, uocatur a Stephano Tabij. Ex Declaratiom erbium ſti

916 734 2671 146 i44 Pompelon Vasconum urbs in Hispania, Andelus, et Martua

1120 823 2471 146 dicta, nunc pamplona Nauarra Regia. Nauarri enim ipsi

1107 911 2489 168 fuere Vascones, ub Hispanis Suprarbi uocati. Ex Roderico

1098 995 1200 155 Beutero, Marineo, Munster

912 1035 2679 208 113 4ons Aureoli non prouul a Mediolano in Gallia Togata, dict

1098 1154 2515 169 al Aureolo uno ex triginta Tyrannis Romani Iumperij, pora

1116 1261 1009 177 tirolus est. Ex Merula

890 1318 2692 195 p16 Pontia Insula in Srrheno pilati, ut dicitur, patria, poncoesti

1111 1424 2480 173 Haec et Iscia propinqqua Insula Oenotrides dicebantur, ar

1138 1508 2453 191 gumentum quos posessae fuerint ab oenotrijs Italiae. Ex

1138 1632 699 115 Plinio, Munistero

894 1663 2702 222 117 Ioplonium prmontorium in Æthrcria, nunc dicitur po itus Bara

1116 1800 584 164 tus. Ex Dlonido

1067 1871 2520 186 poplonium opp. in Ateruni Iusptinianus cedis esse plombinum,

1142 1969 2454 177 poplonij Scilicet ruinis consſtruuum Annius ueo Plombinun

1142 2097 2436 146 uulu fiuse portum Traianum, a Liuio Loretanum uocatum,

1147 2163 2440 155 Stephano fortase lorentum, et lomentum. Sed Munſterus pro

1155 2261 2379 146 tum Traianum credti nuuc esse portum Volaterranum

854 2362 2737 146 148 Pota Augusta Vaccaeorum urbs in Hispana, Torquomada esta

876 2438 2715 247 119 parluosus Italiae fluuius, Drinus dicittr in Apuutio. Ex Blonda

1169 2469 496 119 Ex Mnstero

899 2566 2705 212 150 posideion urbs coelessyriae, pualo modo dicitur, uel passeraca

1155 2672 2454 217 portus Ssanci Simeonis Ex Apiano, Munstero, Castali

1098 2801 2511 177 posideton Insula in Icario pelago a Neptuni templo dicta, He⟩

1178 2889 2422 181 ſtea Leucosia a Leucosia Sirene ibi Sepulia plinius, Let

1169 3000 2422 150 men leucosiam, uel, ut ipse appellat, Leucasiam Sirenem ſe⟩

1191 3088 2409 164 pultam tradic in Leucasia Insula Italio contra paestarm

1222 3194 1559 151 ſinum ſita. Ex Plinio ieso, Isaacio

934 3247 2653 204 151 Potdaea Macedoniae urb in Torenaico ſinu, a Casmddo An

1142 3376 2467 164 tipatri flio Casandrea, uel Cassandria diccta, quod potidas

1155 3473 2441 159 tis bis urbe pulsos ab Mhniensibus, et a philispo, ipse in

1186 3575 2387 142 patriam restiurit. Hanc urbem postea Hunni euerterunt

1182 3663 2325 151 Instiniani. Caesaris temporibus. Ex Pausania, procopio

894 3770 2702 137 152 Potulatensij Daciae populi funr, qui nunc Lippam incoluut in

1164 3849 2427 142 trnsylunia urbem ab Aldana Hispano praefecto Torca

1164 3916 2427 168 rum uim metuente, incensam, a Turcis uero ocupatam

907 4066 2666 177 135 praeneste, praenestis, praenestus, et prae nestum Latenorum

1178 4013 1257 146 et instauratam. Ex Lazio

1155 4172 2423 137 urbs a praenesto Latini filo Vtyssis nepote dicta, a Ca

1173 4248 2418 177 culo aulem Vulcani filuo cndita : polyſtephanos, et Stepo

1173 4349 2405 160 ne appellata, nunc pelestrina, at Ciuitas papae. A

1178 4442 2409 195 Bonifuio enrim octabuo pont. Mux. dicrccta, et inſtaura
