3840 5310
1000 513 2618 261 paetuis pltostuae cicitus, camphuris a Ptoelenao dicta, a

1257 531 1001 115 torum Principis patria

1271 712 2378 159 ſepo Autocratoris, ab Egesippo Diocae ſarea, nunc Saphe

1253 783 2281 181 ut ait Castal dui, quam Herodes Rex moenibus cinxie

987 845 2658 225 1207 Sepius Apuliae urbs a Diomede condita, a ſepijs ex undis in

1253 946 2400 217 tis uocata, Sipus, uel Sepus etiam dicta, nunc Manfrero

1266 1053 2379 199 nia. Nam ex ruinis Sepiuntis Manfreddoniam a Manfo

1257 1123 2396 217 Rege conditam dicunt. Alij autem Manfaeddoniam Apenmo

1000 1296 2388 217 128 Septonia Britanniae urbs, Shafresburis est. Ex polydoro

1262 1221 2387 230 ſtas fuisse uolunt. Ex Strabone, Ptolemaeo, Collenutio, Mur

996 1389 2635 212 129 Sequana Galliae fluuius Celtas a Belgis Separauus, Secoanm

1257 1486 2379 177 ab Artomidoro dictus, nunc Seine. Ex Steph. Bucatib, Olictu

1005 1570 1284 155 180 Sequani Gallae popul inte

1253 1672 2392 199 ſunt, cam q. partem tenente, quae comitalus Burgundiae

2360 1606 1267 172 Belgas : Burgundiones Superis

1253 1774 890 124 citur. Ex Martiano

1226 1845 2264 194 Sequani in Rhaetia, Sugoienses appellantur. Ex Ægidio

996 1920 2640 212 131 Serbis fluuius in Mau ſitania Casariensi, Sardabala ap

1244 2017 2095 230 nio nuncupatur, nunc Berengretus. Ex Castaldo

1018 2093 541 146 132 Sergenti

1018 2199 2627 243 185 Seria Turdetanorum urbs in Hispania, ſama Iulia a plo.

1621 2141 1780 195 pannoniae fluuius, Maros est. Ex Iouio

1235 2327 2405 208 dicitur, et petracia, nunc Sierra, Traiani Caesaris patria

1235 2429 2405 234 a qua Serrani poputi, qui erant Bouillenses. Ex Main

1000 2610 2636 204 134 Seriphus Insula Sporadum una Saxis oppleta, unde fabula coin

1244 2539 385 129 Castaldo

1235 2734 2383 173 ſicta Seriphios in lapides conuersos a perseo Medusae

1235 2840 2387 173 caput ostenso, Serphone nunc dicitur XL M. P. ambit

1244 2942 1067 142 Ex Strabone, Bordono.

1000 3026 2618 186 135 Serra piceni opp. in monte Vmbrono, Sanctus quiriuu

1244 3146 664 132 est. Ex Blondo

1005 3212 2617 177 136 Sessioria Hispaniae urbs proxima Cocetanis montibur, Sassien

1217 3309 736 146 est. Ex Beutero

1027 3398 2591 190 137Sessites Itakae fluuius prope Veraellas, Sicida a Blondo dici

3441 3389 80 120 a

1222 3513 2015 177 tur, Sessia a Volaterrano, Siccia a Merula¬

1018 3610 2542 195 138Sessutij Galliae populi, creduntur esse Exiſini. Ex Martiano.

1027 3717 2578 194 13 Sestus, et Abydus duo oppida in fauibus Hellosponti, a Tui

1209 3827 2382 164 cis Bogazassar dicuntur, quae uox eprum lintuia Signiti

1217 3920 2370 212 cat oppida in maris faucibus posita. Ex Bartholomaes

1257 4044 488 97 eorgquiko

1062 4088 2025 186 110Siagul Aphricae urbs, Susa est. Ex Munstno

1027 4181 2542 195 121 Sicaumbri Galliae populi Vlijs proxini, Sugambri a Stra

1235 4283 2334 186 bone dicti, Gheldrenses ſunt inter Mosam, et Rhenun

1231 4371 2374 231 ut Volaterranus, Martianus, Alciatus, Conradus Celle
