3689 5270
865 557 2542 215 Aquaecalidae in Beitunnia, urbs uulg⟧ dicitur Bathe, olia

649 702 2741 308 238 Aquae Salsalae Hispaniae locus, qua Annibal Galliam

1001 689 1330 154 Batonia. Ex Munstero, Iouio

996 830 2354 241 Cxercitu ingrestum est, nunc Salses dicitur, et apur

1049 917 2336 224 ſtolemaeum fortasse est Iliberis in Gallia Narbon

746 1119 2644 264 29 Aquae Sextiae, Sectiae Iictae a, Strabone, Roman

1040 1040 1775 242 i urbs prope Rusinonem. Ex Beutero

1045 1242 2349 242 rum Colonia in Narbonensi Gallia, A quensis cic

755 1501 2639 189 240 Aquana pamoniae opp. Salhon est empiorium in cor

1036 1365 1888 233 tas est, et uulg Aiux. Ex Munstero

755 1686 2670 198 24 Aquilea Italiae urbs extra Venetiae finibus prosita a St⟨

1032 1616 1800 171 fluentes Mutrae, et Draui Ex Lazio.

1058 1809 2341 154 bone, a recentioribus uero in ipsa Venetia, olim ce

1058 1914 2341 180 bre orientis, et oscidentis enporium, a Romanis ot

1058 2037 2354 145 bBarbarorum impetus comprimendos condita, ab Ab⟨i⟩

1058 2138 2341 154 Nunnorum Rege euersa, in ruims ialeti a quibc

1054 2257 2349 149 dam nunc appellatur Algar castellum, ab Ioanni

1036 2367 2363 175 zonara Venetiae, quoniam ex Aquileiae ruim

1062 2494 2363 162 renetiae incrementum habuerint. Ex illis, Candide

1023 2630 847 154 Oliuario, Leandri

724 2709 2714 176 242 Aquilonia Hirpinorum oppidum in Italiae, Agnonum et

1014 2823 2389 172 uel Agnonis castellum, Anglona ue. Alij perper

1027 2938 1823 158 uocan Cidoniam. Ex Blondo, Collenutio

746 3017 2670 202 28 Aquula Æthruriae opp. Aqua pendens dicitur. Ex Vola

1032 3157 399 136 terrano.

733 3175 2679 219 248 Ara Solis in Hispania 1t. M. P. distanis a Comp

1014 3302 2429 206 ſtella, dicitur Sancta Maria finis terrae, et uulg

1040 3412 2403 193 Algarben : hanc toero alij putant fuisse Celticum

1036 3530 2367 189 promontorium, et Sanctam Maniam finis terea

1023 3658 2420 211 appellatum olim Iriam Flauiam, uel certè Nerin

1040 3763 2398 250 promontorium, cnm Iia Flauia esse nunc uidea

1036 3930 2376 211 tur Padrnus. Ex Volaterrano, Marineo, Mun

1010 4088 715 141 ſtero, Castaldo

733 4150 2688 188 2415 Arabia Asiae prouincia inter dio maria rubrum

623 4281 2802 211 4oſi Ax et Persicum dicta ab Arabaee Icurius rectum est

996 4391 2438 233 Arabaer, Hermaonis filia Deli Regis upxone, uu

1682 408 368 189 Liber

3315 4536 123 198 u
