3698 5413
1196 608 2375 199 re firus per Prnacium ostia : alter uero alueus Aru⟨a⟩

1210 753 2348 149 num oppidum alluens, tribus a mari P. M iterum, ſo

1210 834 2343 176 ſus, Iusula trium M. P. trianguli forma facta, duobus

1210 951 2352 167 oſtijs in mare delabitur Albato, quod fornacibus pro

1214 1064 2334 162 pinquius est, et Gauro, quod uersius Volanam uergi

1205 1168 2339 153 ut omnino fallantur quiumqu credunt haec noua pei

1210 1272 2348 175 ostia reperiri posse in antiquis ipsius ostijs. Ex Polyloi

1223 1402 2348 154 pliaio, Herodiano, Agnello Rauennate, Prisciano, Varia

1002 1605 2583 172 86 Eridius fluuius in Ponto ab Bridio dictus Æmi Scytharum Ror

1219 1502 1314 180 Auentino, Glareano, Ægidio.

1002 1804 2574 149 67 Erſisbornis Germaeriae uicus, Erlenbrunnen et. Ex B. Rhenues

1182 1709 1874 167 filio, Iris postea. Ex Arrhiano, Parrhasio

979 1899 2592 153 68 Eoysice, Erpsiche ue Acarnaniae urbs ab Erysice Acheloif

1196 1989 2393 158 ſia appulata, postea oenetadae : et inde regio oeneadu

1015 2178 2506 181 69 Erythini Scopuli duo in Ponto, Erythrini a colorr dicti

1196 2093 1747 139 erysiche dicta, et Oeneias. Ex Stephano

1020 2363 2569 221 70 Erythra urbs Ionum in Asa, Cnopipolis a Cnopo quoe

1201 2314 2068 121 nunc Insula farnasiae. Ex Strabone, Bordono

1201 2489 1155 145 dam uocantur. Ex Strphno

1024 2548 2556 199 7 Erythraea Insula Hispaniae centum passibus a continenti

1182 2688 2398 162 distans, trium M. P. longitudine, nuncupata a Tyrs

1192 2774 2393 203 ed ab Etythraeo mari profecti: Etytheta etam, et Eyy

1187 2891 2393 203 the ab Erytheta fibi Geryonis, Aphrodisias, et ab indige

1201 2999 2375 208 nis Iunonis Insula dicta, ubi Geryon regnauit, nunc

1196 3103 2384 207 Berlingas. Artemidorus in Seprimo Geographiae eam not

1201 3220 2379 194 Insulam, Sed Libyae promontorium anì esse. Ex Vel⟨io⟩

1187 3333 2402 194 Iustino, Plinio, pausania, Stephano, oliuario, Mnster

1043 3428 2533 198 72brythraeum mare, quod et Euythra dicitur Ex Azanio ocea

1196 3522 2393 212 no profluens prope Arabiam, ab Erythra persa pastnro

1201 3631 2379 207 ut aii Agnthar cides, uel ab Erythra Rege persei filio Se

1201 3721 2379 221 pulto in Insula Tyrina, quam Oaractam Nearchus ut

1201 3816 2361 225 cat : ab Iudaeis uocantur Mare Soph ab iuncis in eo na

1228 3928 2330 208 cenibus, uel quod dre plerunq. aestuosum ſic, nocteue

1201 4055 2379 189 to tranquillum: nunc, u et olim, Mare rabrum, etiant

1219 4127 2357 243 ſi uolor non diſferat a cateris : quanuis Ex antiquis a

1201 4222 2375 261 tij cederent, quod et Lusitani aliqui asserant, arenam

1210 4348 2357 235 rabram esse : Vranius uero in Secumdo d : rebus Ari

1219 4447 2348 275 bun pnropianeuos montes est nubrr, ude unbram, et
