3689 5270
944 597 2376 246 catur inle Muisia uina apuo Petum, quae alipui corit

979 724 2323 215 esse Maluasia. Strabo Aruiſiam asserie esse regionem

961 803 2345 246 chio asperam et importuosaum trecentoruum ſtadiorum

957 913 2354 206 quae uinum fert Graecorum optimum. Ex ipso, Volaterra

658 1010 2666 272 320 Asaborum Promontorium in Arabia Felit, Mozandanm

1023 1220 496 119 7x Barroso

685 1207 2639 242 32 Asan Ciuitas palaestinae, Bethasan dicitur. Ex Hieronymo

698 1295 2630 250 37 Ascalingium Germaniae urbs, Vildeszghrim est. Ex Munste

715 1383 2631 255 30 Ascalon Cananaeorum urbs in Syria ab Ascalo Hymen

992 1484 2345 250 filio condita, quem Aciantus Lydorum Rex in Syrt

1014 1567 2319 224 cum ogercitu miſit, Gat ab Iudaeis dicitur, ab alij

1001 1677 2336 255 Flauia Agrippia, Palaestin, et Hibelis, nunc Esca

1010 1769 2345 286 na, et Scalona, ubi colebatur Derteto Semiramis

1010 1905 2349 229 nater, hominis facie, reliquo corptore piſcis : quanm

1018 1980 2354 299 Syri Atergatim uocant, uel Atargatam. Ex Lucia

2608 2121 53 123 b

1027 2151 1577 198 Stephano, Volaterrano, Munstero.

737 2191 2631 272 324 Ascapa Hispaniae urbs, Cespum oppidulum nunc est. a

1014 2397 558 158 Gerundensi

764 2428 2617 224 325 Ascaucalis Germaniae ciuitas, Suueiz dr. Ex Munster

759 2520 2626 237 326 Asciburgium Germaniae opp. ab Vlysse ut fentur, co¬

1036 2621 2349 233 ditum, Emerich, uel Embrich est, aut Doesburg. Ex

1040 2727 2161 189 Gerardo Neuiomaso, Hermanno Nuenario, Roberta

808 2806 2577 228 377 Ascua Iberum urbs elarissima in Hispania, paruulum a

1080 2916 2143 193 pridulum est, quod Asco dicitur. Ex Gerundensi

790 2990 2600 237 328 Asdrubalis mons in piceno prope Metaurum, quo le

1067 3091 2314 224 Asdrubal a Romanis uictus, caesusq. fuit, uulgo u

1058 3201 1919 184 pellatur Mons Asdraualis. Ex Merula.

816 3254 2565 254 325 Aſia procincia in ninori Asia, ab Asia urbe Lpdiae uro

1067 3364 2305 202 cata, uel ab As0 lyro : Erionia etiam dicta, uel Esiom

1067 3465 2323 206 22 Stubo Scribit, pro Asionia Iouicì profernrdo i:ct fortas

1089 3548 2279 215 Meonia phoc est Lydia ipsa, Asia dicebatur, ut pratum Aia

1071 3623 2301 250 Htounrus noninaes, Lydium intelexerit Lydia ipsa eratu

1075 3728 2297 233 intur Ioniam , phr, gium, Myſiam, et Cariam a Lydo

1071 3833 2314 255 heni fratre dicta, Meonia, et Maeaia etiaum ⟦ditae : nan

1067 3912 2340 277 Lydi ipsi uocati fuere ab Homero Meones, ab aijs Maer

1080 4013 2310 282 et Meiones, ab alijs Maeones, et Ludae a Lude Sem Alio

2375 4119 1032 193 upla appellata a Lydis

1102 4189 1458 185 unle et Ludi a Ronmanis Speattixadate

1097 4259 2306 242 qui ea inuenſse dicuntur Ex Dtrabone, Isepo Pliuio, Stea

1102 4418 984 232 pſuns cotathis earinu

3232 4479 162 171 9Su
