3666 5350
820 691 2426 205 tena quoq. dicitur Cilices uero ab Homero dicunturs

833 829 2378 133 populi qui incolunt Cillam (a qua nomen habuere,

883 922 2310 148 Theben Atramytenem, et Lyrnessum urbes Troadis

833 1025 2418 143 erant q. alij iuyta Theben ſub Eetione Androma

838 1123 2386 152 ches patre, alij prope Lyrnessum ſub Mynete. Eta

820 1234 2440 148 ab his originem habuere Cilices, qui ſunt in Pari

829 1315 2431 178 phylia. Ex Herodoto, Strabone, Iosepo, Plinio, Stepha

829 1413 2462 196 no, Hieronymo, Procopio, Eustathio, Sabellico, Vurino

829 1547 294 147 Iouio

530 1564 2681 277 296 Armon Amorreorum mons, à Phoenicibus Samor, uel

838 1756 1316 152 Samir dicitur. Ex Hieronymo

530 1783 2765 249 27 Armorici Galle oceanum attingentes, Britones ſunt, qui

807 1899 2457 200 eò uenere ex Britannia Vt omnino fallatur fut

842 2010 2418 237 goſius, qui credit Venetos et Morinos esse Brito

829 2148 2413 179 nes, Veneti enim nunc appellatur Vanesis,

825 2264 2390 197 et eorum ciuitas Vanes, Morini autem ſunt,

825 2376 2435 223 qui Taroanam incolebant longe à Venetis ur

829 2492 2480 227 bem in Picardia a Carolo quintr Caesare eur

825 2643 1043 196 ſam. Ex Marliano.

517 2728 2801 236 298 Armuza, Armozonus Caramaniae oppidum, Custar

833 2866 2467 187 est in Arabia felici, uel certe Minaon. Ex Barroso

553 2978 2760 191 99 Arne Thessaliae urbs Cierium etiam dicta. Ex Stephano

695 3098 2596 187 Arne in Boeotia ab Arne Æoli filia Boeoti matre

820 3205 2453 178 nocata, uel propter aiguus⟧ agnos, quos plurest

847 3325 2422 165 habebat, prius Sinoessa, et Sinusa appuellata ut

833 3437 2324 187 ſcibit Theseus in rebus Corimhiacis : postea

842 3548 2462 192 Chaeronea a Chaerone Apollinis filio ex Thero

842 3687 2471 173 phylantis filia fuscepto. Sed Strabo Chaeronean

833 3802 2418 161 ab Arne aliam facit. enodotus autem apud

838 3932 2435 174 Homerum pro Arne Ascram ſuribit, quae fuic

838 4043 2426 156 Hesiodi patria : nec animad uertit Ascram non

851 4173 2431 169 posse ab Hemere Ooλrsaecdor appellari, quo

838 4280 2457 160 niam eam dixerit Hesiodus hyeme malam, asta

847 4404 2408 156 te molestam, nunquam bonam : cuiuemodi regio

847 4511 2462 156 uitibus inimica est. Alij putant hanc Arnem He

851 4614 2476 169 mericam ſubmersam fuisse a palude Copaide cum

3090 4739 201 174 M
