3689 5270
1651 434 298 242 Liber

628 584 2736 246 127 Algidum, Algidus ue oppidum in Latio, Rocca papae est. Ex

1010 750 544 145 Volaterrano.

671 693 2635 365 18 Aliacmon Maredoniae fluuius, Ascmbala dicitur. Ex Iouio

685 808 2749 347 129 Alisca opp. ad Damubiusm apud Antoninum, Almas est. Ex le

3333 922 92 175 u

693 931 2684 281 130 Alista opp. in Corsica, Amasa appellatur. Ex Munstero L

720 1040 2665 268 131 Allia Æthruriae fluuius, apud quem Romani a Gallis Be

1005 1137 2372 255 no Duce deuicti fuere, Curesius, uel eortesius dict

1005 1317 1340 176 tur. Ex Blondo, Volaterrano

737 1352 2622 272 32 Allobroges Galliae Narbenensis populi, Allobryges dicti ab

1001 1475 2380 237 Apollodoro, Allobriges, uel Allobribes a Polybio in dec

1018 1567 2407 242 mo, ab alijs Allobrybes, Delphinates, et Sabaudienses

1018 1695 1744 237 ſunt. Ex Stephano, Varino, Marliano.

790 1756 2595 299 35 Almath palaestinae cinitas, Almon dicitur ab losue. Ex

1040 2002 369 119 Roberto

790 1985 2613 259 134 Almom Boeotiae urbs, quam als Elmton appellant, Hellan

1062 2090 2341 224 us malè Salmon, et incolas Salmonios. Ex Pli. Ste

808 2226 2476 193 135 Almyrae Ægypti urbs, Salinae dicitur. Ex Munstero

799 2331 2626 198 36 Alonae Hispaniae Tarraconensis oppidum, Alicante es

1049 2446 2376 189 Hispani tamen aliqui credunt Alicantem Iliciam fuis

1040 2573 2398 163 unde Ilicitanus ſinus apud Melam. Alij autem uolunt

1049 2705 2389 149 Iliciam Lucenam esse, uel Eclam, quanuis quidam cr

1049 2819 2385 162 dant Lucenam olim fuisse Lutentiam. Ex Beutero

1049 2951 874 136 Munſtero, Castaldo

825 2977 2618 242 37 Alopecia oppidum, Insula q. Maeotidis Graecorum primo, Vhea

1067 3131 2367 202 netorum postea colonia, nunc dicitur Tana, uel Asoe

1106 3263 123 122 te

1062 3258 2306 193 d ostia Tanais fluuij: olim uero Alopeconesus a

1040 3381 2425 167 uulpibus, quae ibi Leonum ſpecie ſunt, et Calerus a Ca

1058 3491 2415 158 lero Rege : Emporium etiam ut ait Alexander polyhi

1071 3596 2429 167 tor Sed Strabo ſuibit Emporium disture ab Alopuor

1062 3710 2429 145 cia Sſtadijs centum, esse qui Tunaim urbem conditam

1067 3820 2415 180 a Graecis, qui Bosporum possidebant, ad Tanuim, et

1080 3934 2398 185 paludem Moeotidem. Ex ipsis, Stephano, Oliuario

1075 4057 940 154 Sigismundo Libero.

821 4158 2661 172 138 Alpes montes ſune Italiam a Gallia, Germania què dicident

1062 4295 2341 131 tes a Vadios Sabb atijs ad Arsiam usque in Istria

1067 4374 2441 171 protens : dicti ab Alpido quodam ſub eis morero, uel

1084 4488 2376 175 a candore niuium, uel certè quòd Gall, altos mo

3368 4571 154 273 nio
