3666 5350
776 579 120 156 est

1306 628 67 85 o

521 642 433 151 1 Clodianus,

941 619 223 179 e

1123 642 1896 151 ⟦ix Tarracnensis flauius, a Plinio dicitur Alba

472 740 2672 142 215 Clestra Lapiaorum Ciuitus, Astura quoq dicta, ubi Astures uetustissim

735 820 2418 142 Aſuli Iopuli commorabantur. Ansa est arx mari circundata

758 913 2390 161 quo diueris temporibus Cicero M Antenij Trumuiri, Con

740 994 2413 187 radinu Suenus Caroli Andgauenris scaeuitiam in feliuter

731 1092 2399 196 ſugiorunt : ambo enim impis interfiui fuere. Ex Virggiluo

780 1230 1235 156 Blondo, Volaterrano, Munstero

481 1279 2681 183 26 Clota aestus in Britannia, apud Tacitum Elota, nnc Eluda,

740 1395 1873 152 uulgoq. Cloit in Scotia. Ex Munstero, Iouio

468 1453 2787 174 217 Clunia  colonia urbs Areuacarum in Hispania Tarracorensi:

767 1578 2395 151 Ciuitas regalis appellatur, uel Cruna. Ex Munst onuphric

481 1662 2667 148 218 Clusentinum Illiliae opp. Casentinum est in Æthruria, quod

753 1761 2413 147 aliqui uocabant Passumenam. Ex Declaratione urbium

784 1881 727 116 Italiae, Munstero

544 1912 2609 183 219 Eusium, Clusia nio Italiae opp. in Æthrana, ubi Poroena re

767 2037 2448 165 gnauit, obsessum a Gallis ante, quiaim Romam caperent

749 2140 2444 182 Camars, Camarsolis, et abs Antonino Comerso dictum

758 2264 2470 147 Orosij temporibus Dusia, nunc Chiusi in agro Senensi

776 2362 2127 152 Ex Liuio, Strabone, Sabellico, Annio, Leandro

597 2447 2636 170 nu6 lypea Aphricae urbs a Siculis condita, a Romanis capta

767 2550 2466 178 Regulo Dace, Clupea a plinio dicta, a Strabone et : un

780 2675 2444 196 Aspis (qpuanuis Ptolemaeus diuersas Clypeam, et Aspidi

776 2777 2426 205 faciat, propinpuas tamen. Hermaea tantum promonta

784 2924 2453 152 rio inter ipsas ex istente) nunc Quippia, uel Calinia

780 3018 1177 147 Ex illis, Oliuario, Nucula¬

557 3098 2680 183 uiC necion Laconiae fluuius, Sinus postea uppellatus prope

780 3223 2399 165 quem Diosauri pugnarunt cum Apharei filijs, et in

784 3330 1615 147 terfectus fuit Castor. Ex Isaacio

544 3424 2667 182 uc nidus Cariae urbs, Triopium, et Triopia, et ab Hella

789 3535 2417 178 nico Triopa dicta a Triopo patre Eryſichthonis

789 3629 2457 205 nunc Caput Chij, uel Crij patria Theopompi, Arte

798 3731 2314 196 midori, et Cteſiae Artaxerxis medici, historiartem

798 3829 2466 210 ſcriptoris. Ex Strabone, Stephano, Varino, Munst Cussal

553 3941 2702 200 uCnossus Cretae urbs Minois regia triginta ſtadiorum am

798 4070 2430 174 bitu, quam philopator octuaginta ſtadiorum fecit, Cera

811 4173 2458 160 tus a praeterlabente fluuio appellata Tritta etiam, nun

807 4271 2462 165 Ginosa, uel Cnosa. Quinq. Stadijs a mari distabat, eics

820 4378 2426 165 nauab fuit Heracleum, et temporibus Minois Amm

842 4485 2378 191 ſum. Ex Strabone, Eustathi, Varino Munſtero, Castaldo
