3698 5413
1228 599 2339 194 doropolis Ex Theodori Mauyris nomine, qui uisus fu

1246 712 2343 208 ra Io Graecis aduertus Sytoas, et Rusios puginc

1237 852 840 149 re. Ex Zonara

1043 888 2176 212 33 Dourona Aquitaniae Ciuitas, Cahun est. Ex Manst.

1038 1001 2533 194 34 Dracontius Insula Aphricae, Dracuntus uocata a poiylistnre in

1259 1105 2317 176 tertio rerum Libycarum, Buae Sorores appellantus Ex Ste

1255 1235 645 167 phuno, Borddono

1061 1285 2524 212 35 Drepane Bithyniae urbs a Saturni falae dicta, Helenopo

1255 1389 2334 216 lis postea ab Helena Constantini Principis matre, qu

1255 1524 1702 185 eam instanrauit. Ex Stephano, Sabellico

1088 1614 2488 194 16 Drepanum Siciliae opp. uocatum a falae, qua Saturnus, a

1259 1714 2312 194 ſtrauit Vranium patrem, Zanclum a Siculis dictum

1259 1804 2321 212 nunc Trapani a promontorio propinquo, qui a puia

1264 1926 2330 203 lemaeo Ægytharsus diccioctt. Ex Isaacio, Bordono, Mu⟨⟩

1237 2038 1864 158 Brepanum increta, Melacha est. Ex Iouco

1223 2129 2362 189 Drepanum promontorium in Cypro, et iptum Trapanmia

1259 2237 1039 149 uocantur. Ex Munstero

1228 2273 2366 207 Drepanum pronontorium Indoram, ab alijs Lepte dcicur

1350 2404 383 126 x Plnio

1092 2404 2493 221 3Drilb Iluuius in Alyrico ex monte Scardo deſluens, uunc

1259 2539 2326 176 Boliana, uel Lolrin diunur. Ex Volaterrano, Munſtero

1083 2638 2493 212 38 Drusomagus Rhaetiae Ciuitas, Augusta Drusi dicta a stra

1255 2751 2325 212 bone, quia Drusi colonia fuit, nunc est Augusta Sta

1237 2873 2348 198 uiae metropolis. Ex Auentinus, uel Memingem, uu Sa

1241 3004 668 149 bit Castaldus

1101 3062 2475 190 9 Dryaena urbs Ciliciae, chrysopolis postea dicta. Ex Steph

1074 3184 2502 140 60Dubis Galliae Narbomnsis fluuius, Sequanos ab Helue

1241 3283 2335 181 tijs dirimens, Alduasius etiam uocatus, a Sallis

1246 3396 1156 135 nunc Doux. Ex Roberto

1074 3477 2493 212 6i Dulichioj Cephaleniorum tribus, gens q. postea appella⟨s

1246 3599 1404 167 fuere palenses. Ex Pausa na

1065 3698 2511 199 62 Durium Britanniae urbs, Dorcestre est, uel Salysbas

1228 3825 898 144 Ex Munsſtero, Iouio

1088 3879 2325 185 69 Danum Bsitanniae opp. Dora dicitur. Ex Munstero

1070 3996 2501 158 E4 Durocaottoron, et Duricortora imetropolis Rhemorum i⟨a⟩

1219 4077 2221 176 Gallia Belgca Rains est. Ex Strabone, Roberto

1092 4163 2429 203 65 Durosdoron xoesiae opp. Doram uocanttr. Ex Lazio

1092 4258 2475 189 16 Dyme urbs Achaiae extrema ad occidentem, roio Su

1277 4370 2285 208 lict, unde nomen habuit, uel a Dyme foemina indigi⟩

1277 4474 2294 203 na, uel a Dymante Ægimiti filio, antea Stratus, et

3440 4655 99 144 a
