3681 5350
356 606 2718 205 et Rhesus phygiae fuius, Rhoites, et Rhebus dictus, Salmydessus

633 744 2414 129 etiam à fluuio confluente in ipso. Ex Strabonr, Eusta¬

356 856 2744 205 15 Rhion promontorium aritimum Achaeorum in peloponnmeo

624 829 527 133 ttio, Vainr

638 971 2471 179 ſo inter patras, et Ægeium interius auruatus ad insta

629 1061 2360 173 falcis, inde et orepanum uocatur, Neptrni templum

660 1168 1164 156 olim habens. Ex Strabonro

370 1230 2235 187 16 Rhithyrmna Cretae urbs, Rethimus est. Ex Iouio

388 1315 2704 200 17 Rhittium pannoniae opp, Racza dicitur in Saui, Bacun

651 1426 1294 170 tij q. con fluentibus. Ex Lazio

379 1440 2686 245 18 Rhoda Hispaniae opp. maritimum a Rhodijs conditum, Rhodopo

664 1582 2387 205 a Strabom dictum o Rcosas, Rocesps uè est. E eodem, Io

655 1707 576 152 uio, Castaloo

406 1703 2628 249 19 Rhodanus Galliae fluuius a Rhoda Rhodiorum ciuitate uoca

646 1796 2365 241 tus, in Lepontijs alpibus ortus, per Galliam fluens

664 1890 2356 223 in mare tandem tribus ostijs fertur Hispaniense

651 1983 2436 250 Metapino, et Massaliotico. Nlouius a Gallis dicitur Roi¬

655 2086 2441 241 ne : ab oppiano uero etiam Cridanus, et a philostra

660 2197 2356 210 to quoq. Arelatem inxta Eridanum isserente. Ex ester

664 2309 1914 205 plinio, Bucatio, Alciato, Oliuario, Munstero

388 2371 2592 232 20 Rhoderis Hispaniae urbs, Ciuitatensis est. Ex Gerundensi

410 2474 2615 227 21 Nhodic Lyciae oppidum praecipuum Halizonum, Rhodius al

660 2563 2329 223 Arrhicino uocatusm, olim Rhodoes, postea odius ab

651 2652 2356 223 Ddio, qui pugnauit cum Amazonibus Aloperm ince

664 2759 2267 201 lcutibus, ut Suribit Palaephatus, nunt Rhodiopolis. Eyx

655 2915 920 134 Eustathio, Munstero

379 2893 2565 267 22 Rhodius fluuius Tuoiae, Dardanus etiam nuncupatur a

669 3111 379 94 Elstnt

379 3067 2699 245 23 Rhodope mons Thraciae a Rhodope Strymonis fili uo¬

660 3192 2414 191 catus, Valiza ab alijs, ab alijs dicitur Mons argenci

660 3281 2128 178 Ex Stepiano, Sabellico, Itinerario ad Byzantium

406 3366 2677 191 24 Rhodus Insula in mediterraneo iuocapata a rosa ibi inuenica

673 3450 2427 170 uel a Rhode Heptuni fila : Ophiussa dicta, Asteria, Pela

691 3544 2351 183 gia, Æthraea, Trinacria, Corymbia, poeessa, Ata

673 3624 2396 201 byria a Rege, Macria, oloessa, Staclia, uel Stadia

673 3722 2419 196 at apuio Strabonem legitur, et Telchinia, uel Telchi

673 3816 2405 192 nis a Telchinibus metallorum, auri potissinum, ar

700 3914 2276 201 genti, et aris inuentoribus, Statuariae etiam, qui

691 4003 2396 210 eam incoluerunt : et post eos Ignetes In hae olir

704 4070 2405 227 tre tres urbes Lindus, quae Eustathj temporibus ad

687 4159 2422 232 lhuc extabat, Ielysus, et Cameerus, postea Rhodus in

696 4257 2418 223 Insula condita ciraa tempora betti peloponnesiaci. Inhac

696 4373 2445 236 ptia fuit colossus Iouis, cuel Solis ſinulachrum c

3002 4489 76 183 u
