3666 5350
825 650 2252 197 ab Antonino Aliaionocata. Ex Roberto Laziao

535 798 2671 160 275 Arelate Narbonensis Galliae Ciuitas Burgundioncm

842 891 2369 156 Regum ſedes dicta quòd Cal. Mai tros iuuene

842 985 2427 183 pullica pecunia empti ad aram latam loco, qui Ro

838 1070 2439 187 cheta nunc dicitur, immolarentur, more a Trophim

842 1172 2431 196 Christi discipulr ſublato: nunc Arles. Colonia olinm

842 1279 2422 196 deducta Caesanis iussu à Claudio Nerone Tibe

842 1408 2458 197 rij patre ex militibus ſextae Legionis, unde Se

838 1538 2426 182 tanorum Colonia appellatur a plinio. Ex pau lo

869 1667 981 178 Æmilio, Munstero

548 1716 2747 254 276 Aremici Galliae populi, Auracenses funt, et uulgo Arma

2867 1814 40 94 E

878 1876 1093 161 gnach. Ex Macrliano

561 1957 2007 174 277 Arenate Palaestinae urbs, Betagla est

2613 1890 642 187 x Hierorymo

566 2055 2711 205 278 Arene urbs Elidis in Peloponneso apud Homerum ea

838 2148 2475 192 est, quae a Pisandro Ierana uocatur,;: dicta paste

856 2264 2426 183 Samicus, ut ait Pausanias, Strabo tamen Sann

833 2380 2422 183 cum neutraliter appellact Castellum Elidis, prius

842 2483 2404 196 Vrbemsamon dictam propter altitudinem fortasse

838 2612 2444 192 nam ocipoo uocant loca alta. Ethanc fonte fuissie

842 2724 1008 138 ansaem Arenes Suibit

722 2773 2533 196 Arene Thessaliae, ab Homero Erateine appellatur. Ex

833 2942 438 107 Varino.

530 2973 2792 205 27 Areopolis, aue Ariopolis Arabriae Ciuitas, Abie, uel Acha

932 3089 2270 196 ai prius dicta, et Moab à Moabo Lothi filio

838 3183 2373 205 indeq. Moabitae, et Moaba haec pars Arabiae,

825 3290 2395 227 qua ab Vranio Moba dicitur. Ex Steph Hierony

726 3419 2587 192 Areopolis in Palaestina, Ariel uocabatur, et Rhabb at

825 3557 950 116 monta. Ex eisdem.

486 3557 2809 241 280 Argelia Gernaniae urbs, Torga est in Saxana. Ex Munp

499 3682 2796 245 281 Argennnsa Insula Troadis ab Argennio promontori

829 3780 2391 219 uocata, ab Androtione , ſiee enim legendum est

829 3892 2462 245 apud Stephanum) lrgennusa appellatur. Ex Steph

526 4025 2805 210 282 Argentius flauius in Gallia Narbonensi, Argenteru

829 4141 2346 192 a Plinio dicitur, nunc Argenton. Ex Munstero

530 4253 2747 214 288 Argentoratum in Gallia Belgica oppicum, Argen

847 4373 2439 174 tina est, et Germanorum lingua Strasburg, uel Sto

856 4489 2475 152 ratburg : dirutum olim ab Atila, postea Polyodopoli

847 4587 1726 192 appellatum. Ex Bonſinio, Munstero

3157 4703 147 147 Ar
