3840 5310
1107 500 2427 234 eiam, Imaeum, Hemaum, emodum, uel Hemodum, Ciczus

1124 619 2379 230 chambadem, pharphariadem, oroandomq. diccunt, nunc aib

1129 738 2347 200 inalis Delonguer, Dalanguer, Nongrator, et Nasgrauot

1138 831 2383 186 4x Strabone, Arrhiano, pli aio, Ptolemao, Ammiane, Stue

1142 929 2356 199 phano, Isaacio, Hermrolao, Sabellio, Vadiano, Munstero

1151 1106 275 124 Iouio

863 1119 2680 226 39 Taxzaetium Rhaetiae opp. Rotuilla este Vel Rocuilla fui apud

1133 1239 2392 212 citum Reudignorum, uel potius Reutingorum uilla : noun

1151 1340 2378 222 Reutingos ipse commemorat in libeilo de Germanorum

1142 1508 864 142 moribus. Ex Lazio

868 1517 2684 257 40 Teanum Apulam Dauniorum opp. in Italia sic dictum ob¬

1147 1641 2396 217 ferentiam Teani Sidicini, nunc Thiano. Ex Strrb. ceenda

881 1800 2152 160 4i Teatea Maracinorum urbs in Italiae, Tietiest

3126 1730 324 150 Munst

3237 1845 288 137 pratum

885 1902 2219 186 42 Telessia Samnitum est, nunc est Trapiata, u

1142 2013 1143 150 uel Mastratumi. Ex Blondo

894 2044 2666 243 43 Telina ualis in, Rhaetia Abdua fontibus inrigua a Tist

1151 2168 2414 225 Romanorum municipio dicta, a Germanis appellatrr Ve

1160 2270 2396 243 lina, a plirisq corruptì Voltolina. popure ipsi Volto inm

1151 2389 2409 226 olm dicti fuene Venonetes, et postea Ventonini. Ex a

1160 2566 1027 142 bellico, Ægidio, Lazio

930 2632 2648 217 44 Telmissus urbs in fiaibus Cariae, et Lyciae a Telmisso Apollin

1155 2734 2445 217 filio, postea oropus appelata a Seleuco Nicatonis filio, ut ⸤

1164 2898 1475 155 nophon acit. Ex Stephano, Varino

943 2964 2662 208 45 elphussium Strabo montem appellat, qui est in Alalcomema

1164 3070 2441 208 quom Ephorus Tilphoseon, pindarus uero Cephesida noni

1169 3225 762 138 nat. Ex Stephano

965 3287 2626 217 46 lemessa, Temesse, et Temosia Brutiorum opp. in Italia ſia

1155 3411 2436 213 a Calabris uocatum, a Lycophrone autem Tamasicn, ab

1160 3557 1909 173 alijs Tamasa, Tempsa quoq. dictum, nunc

3228 3517 381 146 uoctus Eu

1169 3646 2445 208 dius : quod incoluere phocenses, qui cum Schedio, et Epistur

1182 3770 2401 221 pho Ephiti filijs acessere ad toian. Ex Strabone, Plimo

1164 3942 1090 159 Stephano, Isaacio, Iouio

1071 3986 2543 235 Tenedus, et Tennedus Insula Sporadum una Hellisponto addica

1164 4132 2445 204 uocata a : Tenne Cycni, uel Merturij, uel Apolinis filio, qui

1178 4248 2453 225 es appulis in arca inclusus, autea Leucophyys, qudd eb

1178 4371 2422 231 icco oe ρs hoc est albas eninenias hoberet circa listut

3450 4460 159 146 uel
