3689 5270
992 566 2389 184 Hraxus fluuius ex caucaso defluens, Mediam ab Armo

1058 680 2323 180 nia ſeparans, à Strabone, et Ptolemaeo Araxes de

742 825 2643 237 234 Arbia Æthruriae fluuius, Alma est in Senensium agro

1067 794 1225 154 citur, a Stepbano Araxis

746 970 2653 272 25 Arborfolix Rhatiae opp. inlitore Aaronij lacus, Arbona dicita

1071 1014 505 105 Volaterrano

772 1155 2631 250 266 Arcalia proninci in peloponneso ab Arcade ſauis, Ther

1080 1185 514 114 Ex Vadiano.

1093 1291 2284 202 ſtrisque filio, olim Drymodis appellata, Lycaonia, pet

1097 1392 2302 232 lasgia, pelasgis ue a Pelasgo Arestoris Argius fio

1102 1506 2310 224 Tarebasia, Azania, Gigantis, Pania que. Eudox

1102 1616 2310 210 tamen dicit Parrhasiam, et Aganiam duas par

1097 1739 2310 188 tes esse Arcadiae, et tertiam Trapequntiam uoc

1102 1840 2301 215 ri. Arcades ipsi appellabantur Apidones ab Apio

1102 1989 2301 176 ne filio phoronei: a Donysio Aphro Apidanes, qu

1097 2129 2306 154 in Apia tellure sint, quae est peloponnesus : Cort

1102 2226 2301 141 nij quoq. a Cortyneurbe, et Proseleni, quod

1102 2349 2262 180 tiquiſsimi Graecorum ſint, et Syderum aursum

1097 2454 2293 198 mi obseruarint, Vesae potissimum, et Lunae, ut

1084 2617 2328 145 onc Hippins Rheginus. Ex Pli. Steph. Eustathio, Van

838 2670 2569 210 267 Archemorus fons in Nemea Sylua agri Argiui ab

1102 2819 2319 154 themoro Lycurgi Sacerdotis filio, quem ſerpens int

1115 2911 2301 167 fecit, prius Largia appellabatiur, uu est apud Vibi

1106 3021 2279 167 uel Langia, quod in Caelij Firmiani Lactantij

1093 3135 2332 207 uei interpretis St altij codice legitur, quem ſequis

1089 3276 768 127 etiam Bucatius

847 3337 2596 176 18 Arcianum Æthruriae opp. est ccarperia, nnno issa tea

1111 3429 1660 141 motu pene dirutum. Ex Volaterran

851 3513 2587 162 29 Arcilacis Turdulorum opp. in Hispanice, Alcalabora di

1111 3623 812 127 tur. Ex Munstero

834 3671 2565 193 20 Arcobriga Celtiberum urbs in Hispania, Briga

1146 3803 2086 153 ellatur, uel Arcos. Ex Beutero, Munstero

865 3869 2573 180 27 Arconnesus Insula ſtadiorum duo inter Lebedus

1137 3996 2279 145 t Teum, ab alijs Aspis dicitur. Ex Straboneo

887 4075 2542 176 29 Arcteus Ætoliae fluuius, Aractus est. Ex Iouio

878 4180 2565 180 273 Areregia Arabiae Felicis urbs Sanam Regne Sic

904 4365 2547 219 ppredase uis in Norico, Limae est : uel pachlara,

1102 4303 1906 115 etiam uocati metropolis. Ex Barroso
