3595 5350
1547 535 362 187 primus

2591 570 174 129 I2

847 695 2377 169 tes appellant Alpes : Rhipaei prius auctore posidonio,

847 793 2382 183 et Protarcho dicti, postea olbij, uel olpi, inde Allij

829 905 2395 160 Albia, et Albionia, diccersis nunc nominibus nuncupam

820 1016 2418 161 tur in pluibus partibus divisi. primae enim post Car

829 1110 2413 178 nicas alpes, et Arsiam ſunt Iuliae in Iulio Carnico

838 1212 2404 228 Albia proprie dicta, olim Venetae, nunc Mons Ca

834 1341 2404 183 neola, quem incolae Taurum, aliqui Zelias alpes

834 1466 2417 210 uocant, alij Canolgeburx, et Triuiſij. Secundae

842 1569 2449 218 Rhaeticae sunt, qui montes Tridenti dicuntur. Ter

834 1703 2457 223 tiae ſune Lepontiae, quos montes Bormiae, uel Spli¬

834 1876 2417 174 gae, aue Septae nuncupant Inde ſune minoes Le

847 1992 2426 165 pontiae, quos montes Bellizonae, et Sancti Gossha

834 2090 2448 223 di diamt. post alpes, quas Caesar Summas ap

856 2238 2422 209 pellat, quondam a transitu Graecorum, atque Hes

829 2389 2435 170 culis Graiae nncupatae, nunc Montes Sancti

829 2487 2404 214 Bernardi. His iunguntur preninae uel a Deo ibs

820 2639 2440 214 culto uocatae, uel ab Annibal Poeno, qui has rupei

798 2799 2395 161 igne, et aceto perfuegit Harum altissimum culmen

807 2920 2426 183 montem Ceniſium hodie nuncupamus, et uulg San

820 3027 2471 214 ſenisi, fortasse a Caenysio urbe in hoc monte olim

834 3187 2399 187 posita. Hinc ſunt Alpes Cocciae, quibus Mons Go

834 3321 2408 169 nebra nomen prabet. Coctijs Argentariae iun

847 3450 2382 196 guntur propter asperitatem ab antiquis parum

825 3562 2332 223 elebratae, ſed per quas Framciscus Galloram

807 3704 2502 255 Rex miro, et incredibili pene conatu Sxercitum

816 3878 2453 174 et tormenta transduxit Secundum has occurruis

807 4012 2395 178 alpes, quae maritimae nuncupantur ad Varum fluui

798 4115 2431 214 um. Ex Liuio, Strabone, Plinio, Athenaeo, Stepha

829 4239 2435 219 no, Ammiauo, Varino, Volaterrano, Vadiano, Au

838 4351 1940 223 gustino Iupiniano, Oliuario, Ægidio, Iouio

459 4462 2761 246 139 Alpheus Arcadiae fluuius, qui ſub mare Siciliam pess

3001 4685 152 130 Ex
