3666 5350
410 624 2769 205 42 Elli, uel Helli populi in Thesaroia dicti ab Ello Drytoo

664 757 2408 192 mi filio, qui primus ostendit oraculum Dodonaeum,

704 864 2413 197 Selli etiam uocati a Seleento, Sellene ue praeter

445 1070 2627 222 33 Elone urbs Thessaliae condita ab ilercule ſub Olympa⟩

677 958 2400 232 fluente flumine Dodonaei eteilnie. Ex Steph. Eustanchio, Vcr

673 1199 2422 187 non longe ab Eureta, Leimone postea dicta à pra

677 1292 2449 192 to Ftorido, quem Graea λcipsdra dicunt. Ex Strabone

481 1466 2507 228 34 Emaohia, Æmathia, et Emathis Europae regio inter

704 1448 888 139 Stephano, Eustathio

709 1582 2310 187 Thraciam, Thessaliam, et Epirum dicta ab Emathe

700 1685 2301 214 Rege, Emathione ue phoenicis filuo : poeonia item

713 1805 2368 205 Mygdonia, Edonia Macettia, et Macedonia a Ma

709 1921 2426 174 cedone Iouis, Thyiae q. filio. nunc est pars macor

704 2028 2382 192 Albaniae, ubi olim fuere centum et quinquaginta

718 2122 2341 218 populi, duo potentissimi Rges philippus, et Alizaro

731 2247 2413 187 der. Reliqua autem pars Albaniae fuere loca Epiri

718 2362 2435 188 circa Lyncistum, pelagoniam, Orestiadem, et Æmia

722 2483 2364 165 quae loca ſub Macedonum imperio cessere, et Ma

726 2590 2400 174 cedoniae ſuperioris nomine appellata fuere. Ex Stra

726 2683 2311 210 bone, Plinio, Ptolemaeo, Sephano, Varino, philippo

740 2831 1101 133 Bergomensi, Munstero.

521 2857 2627 210 35 Emmars palaeſtinae opp. ab Heerusalem ſtadijs LX

718 2960 2386 223 distans, Nicopolis uocatum fuit temporr M. Au

726 3058 2431 250 relij Antonini, post deuictum Iudapam a Romanis

722 3223 1209 178 Ex Brocaundo, Vadiano.

530 3312 2484 214 2 Eimona pannoniae urbs, Amona a Plinio dicitur

535 3419 2569 223 37 Emporiae Endigetonum opp. in Hispania a Massi

744 3548 2395 174 lienſibus phocensium ſobole conditum, Emporium

740 3633 2480 232 dicitur a Strabone, nunc Ampuries. Ex Pli oliunrio

544 3767 2337 183 38 Emporium Æthruriae opp. Empoli est. Ex Iouio

566 3878 2555 187 39 Engnda Iudaeae urbs, Hasasonthamar etiam uocatur

726 4003 2440 174 ubi fuerat balsami ortus anti, quam Cleopatra

740 4110 2301 170 transtulisset arbores in Ægyptm. x Brocrdo

521 4213 2284 178 0 Engyum Sicilia opp. Macera est. Ex Fulgoso

535 4324 2662 156 4i Enipeus poloponnesi fluius ex Saluane Salmonefon

709 4418 2502 183 te progrediens, Ellipeus etiam dictus, postea Baraichia

726 4525 1267 178 us. x Strabone, Varino
