3698 5413
1038 685 2560 257 40 Baui pauet Catcotum ſuere traus Dhenum, Sed Sseditium

1250 848 2344 171 domestica pulsi, extrema Galliae ora uacua cultoribus, ſit

1241 929 2362 194 ſimulq. Insulam inter uada ſitam, quam Rhenus circum

1246 1023 2366 203 fluit, occuparunt Dato Duce : Hollandi iam dicuntur

1259 1141 2353 180 de quibus multa Scripsit doctissimus, optiuus q. uir Des e

1264 1244 2348 203 nnus Roterodamus Batauus. Ex Cornelio Tacito, Ve

1070 1416 2528 198 41 Bacauodurum Batauorum opp. in Gallia Belgica, Duerstadic

1259 1389 700 131 diano, Oliuario.

1264 1533 2343 158 est in Hollandia : aliqui credunt esse Aquisgranum a ea

1268 1614 2335 185 rolo Magno Austrasiae Regia facta. Sed Iouius Aqua

1282 1727 2330 190 granum fuisse ait Nuagerram, Volaterranus Vegert

1264 1808 2343 190 Gauricus Vetera. Sed Lagio uedetur Vetera ad B

1277 1939 2330 181 ni ripam esse Castrum Cleuiae, ut Aquiggranum Ste

1282 2061 2330 144 noua urbs, et teste Riccobaldo a Carolo ipso coni

1065 2214 2542 167 42 Bathracus portus in Marmarica, Menelaus est. Ex Mu

1277 2174 1608 126 ta. Ex illis, Altamero, Munstero

1083 2314 2529 166 483 Bebriacum Italiae opp. in agro Cremonensi, aqpud quo

1273 2440 2330 126 Vitelliani Duces Othonianos profligarunt, Binascum

1079 2598 2519 149 44 Bederina urbs in Ilyrico Iustiniani Caesaris patria, ab ip

1273 2503 2014 135 est. Ex Gaudenio Mertla, Galractio Capella

1282 2688 1485 144 Iustiniana dicta. Ex Cuspiniano

1070 2774 2537 144 45 Bedunia Bedunesiorum opp. in Hispania, Vrenna est. Ea

1079 2954 2537 162 46Be launum Germaniae opp., Beitheim dictur in Bauanria. Ex

1295 2886 488 131 Munſtero

1282 3067 348 113 Lazio.

1092 3076 2524 212 47Belea Hispaniae Tarraconentis ciuitas, Bdlca uocantur

1282 3238 560 95 Ex Munſtero

1092 3261 2484 176 48Belgaddi nons in Gallia, est Vuynmipelgarda. Ex Lazio

1106 3374 2506 185 39 Belgicus uicus inGallia Belgica, est Belgern, uel Bat

1291 3459 1368 167 in agro Treuerensi. Ex Lazio.

1101 3531 2511 194 30 Belippo Hispaniae portus, portus Sanctae Mariae dicu

1255 3653 840 118 tur. Ex Beutero

1128 3721 2479 176 11 Bella Sylua opp. Italiae in Insubria, Mortaria uoct

1268 3838 2348 149 ob mortuorum mudtitudinem in pugna inter Carolus

1277 3933 2335 162 Magnum, et Desiderium Longobardorum Regem a⟩

1286 4028 962 135 missa. Ex Corio

1106 4122 2492 154 32 Bellocassi, aut Velocasses Galliae Lugdunensis populi, at

1273 4217 2348 158 neliocassij à Ptolemaeo dicti, Baiocenses ſunt, Gallicia

1282 4316 2339 158 Bayeus, ut ait Marlianus. Sed Sabellicus Bellocas

1282 4420 1576 131 nunc uocari credidit Castletenses.

1133 4515 2474 189 33 Bellouacs in Belgica, Bellouacenses ſunt : et eorum u⟨⟩
