3681 5350
718 606 2458 250 demontius Guisae Regulus Gallorum militum Imperator

731 740 2401 231 post, quam Britanni illud poosedissent antis ccX. Ex

740 864 1722 174 Strabone, Suetonio, Munstero oè ⟦b Mz

513 931 2641 223 18 Iconium Cappadociae urbs prope Taurumi montem ab eico

731 1034 2392 205 nibus hoc est hominun ſtatuis dicta, quas post Deuca

736 1132 2422 241 lionis dilauium Iouis iussu hoc loco fecere Promethec

736 1248 2418 245 e5 Minerua, ut inde genus hominum deletum, quod in

736 1377 2405 205 fabulis est, instauraretur : nunc dicitur Cogni, Carbi

731 1484 2445 201 manorum principum regia ante, quaim a Selino Tu

664 1600 2271 187 ppca delerentur. Ex Stephano, Sabellbo, Iustiniano

557 1698 2579 205 19 Ida Asiae mons ab Ida quodam Rege, ut ait Charagx, dictus

727 1805 2418 178 Gargara etiam appellatur aliquorum opinione. Sed Gat

767 1912 2316 178 qura, Bectus, et phalacra tres ſune ſummitates

762 2024 2347 173 dae distantes aſe inaicem ſtadijs : centum : et Gar

767 2144 2347 165 ra ab Epaphrodito Gargarus appellatur, ab Hellanico

749 2264 2409 152 Gargasus: in qua ſummituase fuit Gargara urbs Æol

776 2362 2374 170 ca, quam incolebam Lelegys : Garganros dicta ab Hio

754 2478 2440 152 cataeo a Gargaro Iouis filio. Ex Stepharo, Varino, Munst.

745 2568 2431 196 Ab hac Ila Ioetae, ut ſuribit Dedyoous, Idam uocan

754 2688 2431 178 omnem montem, ex quo iolcie prospiaere licet. Scus

762 2790 2414 188 Acheloum, et oceanum uocant omnem aquam, et Rh

754 2911 2404 174 on onne promontorium a Rhio Ætoliae. Ex Steph

740 3004 1575 214 no, Eustathio, Varino, Munstero.

566 3089 2530 232 2 Idex in Gullia Tggata Fauis, Lidex est. Ex leandco

562 3218 2632 232 2 Idubeda Hispaniae nons a Tarraconensi ad portugadi

740 3343 2338 201 liam usq. multis nominibus iaenmi uocatur. Nam

767 3437 2378 232 pina eius pars dicitur Sierra Datienca, Secumda

767 3566 2418 219 Suino Sierra, tertia Portus , Tabladae, quata pa

758 3695 2360 210 lomera Dauilae, quinta portus Culmenar, Sexta

767 3820 2387 223 portus Pici, Septima portus Tornauacae, octaua

767 3941 2347 200 Mons Fominens, ultina Mons ſtrella. Ex oliuanis

740 4043 2463 245 Idubeda fluius in Hispania ipsa, Millars appellantur. Ex

794 4230 366 161 Beutiro

562 4213 2574 321 uldunum op. in Racicu Vdcnc est, ab Mlila Agulim abs

789 4395 2414 246 dente auutum, ab Aqeuilhiensibus patriarchis ditatum, nunc

3038 4480 98 143 ae
