3666 5350
414 691 2756 218 133 Buianum Sancitum oppuidum llistue in Italia, Bouianum est in

419 900 2738 205 134 Dulaeum Silurum urbs in Britannia, Bilcheum dicitur, et ab An

735 833 857 125 lprutio. Ex Munstero

437 1096 2698 205 183 Dullaria in Aphrica, a Plinio Bula regia nuncupatur, a Proco

686 1016 1392 152 glis Vuitlan. Ex Munstero, Iouio.

472 1270 2672 161 156 Dullis Aulorum urbs in Macedonia, a Strabone appellatur

704 1208 433 129 pio Bula.

486 1444 2649 232 157 Dulua in Dalmatia, a Plinio Butua, a Graecis, Buthoeo

722 1395 2101 143 Beliaca. Populos Bullenses nominauite Plinius

709 1569 2426 196 dicitur, dlim Buline, et Bodona, nunc Budua. Ex Varino

521 1725 2195 187 150Hunitliusx Germaniae opp. Sund est. Ex Roberto.

740 1680 892 134 Sophiano, Munstero

526 1814 2582 210 159 Bunomus, Bunomia q. Macedoniae Ciuitas, pella dicta qu

673 1921 2457 187 pello conditore, iustris patria Alexandri Magni. Ex Steph

530 2006 2649 209 160Burdigalia Biturigum emporium, Boddeus udcatur, a Gal

566 2135 196 161 bD

820 2113 1650 174 Bordeaux Ex Strabone, Munſtero.

829 2211 2306 174 ea fons in Insula Co, inuentus a Chalcone Rega

704 2309 2426 192 Eurypyli, Clytiaeq. filio. et dictus quod ex pede Statuae

718 2403 2359 182 fluat, uel ex inferiore parte ſaxi : a Nicandro Coo

713 2501 2413 191 Bursis, et Burehina appellatur, quomodo et philetas

731 2585 2029 165 eum nominauit. Ex Scholijs in Theocritum.

561 2652 2587 219 16 Buri Germaniae populi ultra oderam, nunc est Marchia

735 2782 2440 196 noua Brandenhurgensis : a Brandenburga uocata, quam

735 2866 2462 201 Poloni Sgoreleciam dicut In Marchia aulem anti qua, quae

731 2987 2230 191 est citra Oderam in Saxonia, fuere Bateni Eyx

740 3089 1307 165 Munſteo, Martino Cromero.

521 3165 2658 196 18 Burideenſij Daciae populi fuere ubi nunc est Varadinum

731 3299 1391 160 in Tansyluania. Ex Lazio

530 3374 2640 183 121 Burtina Iergetum oppidum in Hispania, Barbastro di

767 3526 887 129 citur. Ex Munſtero

557 3562 2573 178 16 Burtinarium apud Batauos legionis ſextae Statiua,

767 3669 1173 156 Buren est, Lagio auctore.

557 3740 2649 205 16 Burumc a Germaeniae opp. ad Rheni ripam : nunc appel

758 3860 2448 183 latur Berghen : a quo Berghenses Duces fuere uo

758 3963 744 147 cati. Ex podem

579 4021 2293 178 6 Buninda Hyberniae fluuius, Boandus est. Ex Iouio

597 4128 2502 169 168 Buxentum Æthruriae opp. Pyrgi a Ptolemaeo dictum, a

771 4239 2431 165 Stephno pyxis, et Iyrgesa, ab alos Iyxt : est Beb

771 4337 2328 143 uedere in agro Senensium. Ex illo, Pliniio Sivario

744 4427 2337 174 Bux entium Lucanorum opp. Capatiumest. Ex Iouio

2961 4547 290 196 Byblu
